2566 3946
133 242 175 303 40
471 250 608 300 PLAVTI
630 250 851 301 TRINVMMVS

134 423 192 483 Ca.
229 423 371 484 Gallias?
417 423 472 485 Su.
503 424 578 484 Non
592 423 648 484 est.
698 423 756 483 Cu.
789 422 979 501 Callippus?
1024 424 1078 486 Su.
1109 426 1185 485 Non

713 527 768 582 est.
833 521 890 582 Oa.
934 521 1184 583 Callidemides?

134 619 189 678 Su.
234 620 309 679 Non
330 625 387 680 est.
453 620 511 680 Cn.
557 617 755 678 Callinicus?
822 619 875 678 Su.
916 619 991 677 N'on
1012 625 1068 679 est.
1123 621 1184 681 Cn.

631 715 886 776 Gallimarchus?
929 716 983 775 Sr.
1024 715 1081 776 Nss
1097 718 1182 792 agis:

133 814 244 891 Neque
259 815 335 873 adeo
350 814 460 892 edepol
471 813 559 873 fidaei
573 813 665 887 facio,
678 814 802 890 quando
816 819 938 888 egomet
952 812 1081 872 memini
1095 814 1193 872 mihi<

134 911 193 971 Cn.
235 893 280 970 dt
297 918 380 970 enlm
397 911 489 971 multi
504 911 669 970 Le'sbonioi
688 909 761 970 sdnt
777 911 845 969 hio:
867 909 932 970 nisi
949 912 1062 969 nomen
1084 911 1184 989 patris

133 1007 236 1082 Dices,
252 1027 315 1066 non
334 1009 506 1068 monstrare
524 1007 602 1067 istos
618 1026 742 1084 possum
762 1007 904 1067 homines
923 1027 1000 1084 quos
1015 1013 1051 1066 tu
1065 1007 1186 1086 quae‘ri-

1124 1111 1183 1165 tae.

134 1202 222 1272 Quod
236 1203 276 1261 ad
291 1202 468 1279 exemplum
483 1204 556 1261 est?
578 1201 758 1261 coniectura
772 1199 800 1260 si
814 1201 949 1278 reperire
963 1203 1138 1279 possumus

135 1298 189 1358 Sr.
225 1280 277 1358 A‘d
291 1299 350 1358 hoe
364 1299 541 1376 exemplum
557 1305 613 1358 est.
655 1280 708 1357 dn
723 1297 866 1358 Chares?
908 1299 960 1356 An
974 1298 1184 1359 Charmides?

773 1395 830 1455 On.
872 1395 960 1453 Num
974 1394 1185 1455 Charmides?

136 1493 188 1552 Su.
230 1475 301 1567 Em,
316 1493 389 1552 istie
404 1500 471 1552 erit.
508 1493 569 1564 Qui
583 1491 677 1552 istrim
695 1492 727 1551 di
741 1493 892 1569 perdant!
944 1491 1001 1550 Cu.
1037 1490 1114 1551 Dixi
1128 1511 1186 1568 ego

897 1589 958 1648 iam
975 1587 1092 1658 dudr'un
1107 1588 1184 1650 tibi:

134 1688 179 1746 Te
194 1687 299 1765 potius
313 1688 392 1748 bene
407 1687 510 1747 dioere
524 1694 686 1764 aequomst
700 1686 821 1746 homini
835 1686 934 1744 amieo
949 1685 1042 1761 quam
1058 1685 1147 1745 male.

136 1785 189 1844 Su.
243 1784 333 1844 Satin
359 1785 442 1844 inter
469 1785 558 1844 labra
585 1785 678 1860 atque
709 1785 818 1842 dentes
851 1781 945 1842 latuit
975 1782 1024 1840 uir
1051 1782 1186 1841 nrinumi

1079 1880 1185 1957 preti?

135 1978 195 2040 Cir.
236 1979 287 2038 Ne
301 1979 384 2039 male
398 1978 525 2056 loquere
542 1978 665 2038 absenti
680 1978 787 2037 amieo
852 1977 904 2036 Su.
948 1976 1028 2047 Quid
1044 1983 1115 2051 ergo
1130 1976 1186 2037 ille

945 2056 1185 2149 'ignauissumus

135 2171 218 2230 Mihi
231 2173 402 2232 latitabat?
464 2173 524 2232 ca.
563 2171 596 2231 Si
611 2172 812 2249 appellasseS‚
828 2170 1041 2248 respondisset
1056 2169 1184 2230 ndrnini.

136 2269 197 2328 de
211 2275 280 2347 ipse
294 2269 404 2328 ubist?
472 2269 524 2328 Su.
567 2269 624 2326 Pol
640 2267 731 2326 lllrim
750 2268 864 2344 reliqui
877 2268 918 2326 ad
933 2267 1184 2326 Rhadamantem

978 2364 1011 2422 in
1026 2364 1184 2442 Ceredpio.

136 2464 193 2523 Cn.
226 2462 301 2534 Quis
318 2463 411 2521 homo
428 2470 476 2522 est
493 2481 542 2521 me
558 2462 759 2540 insipientior
774 2462 828 2539 qui
844 2461 911 2540 ipse
928 2461 1049 2536 egomet
1060 2461 1113 2520 ubi
1124 2460 1183 2520 sim

986 2558 1185 2635 quaeritenr?

136 2656 197 2716 de
211 2657 257 2714 nil
272 2654 469 2716 disconddoit
486 2656 559 2715 huie
574 2657 629 2716 rei.
670 2656 751 2727 Quid
773 2657 845 2716 ais?
887 2655 969 2727 Quid
982 2655 1041 2714 hoo
1055 2655 1137 2732 qnod
1153 2655 1186 2716 te

1076 2753 1177 2828 rogo?

81 2861 83 2866 '
136 2851 218 2919 Quos
233 2849 316 2908 locos
331 2847 466 2908 adiisti?
529 2850 582 2909 Su.
625 2849 768 2909 Nimium
784 2849 958 2909 mirimodis
973 2849 1141 2909 mirabiles.

136 2947 193 3006 Cn.
236 2945 337 3004 lnibet
352 2946 469 3019 audire,
485 2945 547 3005 nisi
569 2946 778 3007 molestumst.
844 2946 898 3005 Su.
940 2947 1020 3016 Quin
1042 2946 1184 3023 discupio

556 3025 561 3036 ’
1068 3042 1182 3102 direre.

137 3127 283 3200 Omnium
310 3139 444 3217 primum
469 3139 501 3196 in
527 3141 662 3199 Pdntum
686 3139 812 3199 aduecti
834 3140 874 3199 ad
897 3122 1046 3199 drabiam
1068 3141 1183 3199 terram

1067 3255 1183 3296 snmus.

135 3336 192 3395 Cn.
224 3318 314 3407 Eho,
334 3353 372 3392 an
396 3332 490 3392 etiam
513 3333 661 3394 Arabiast
682 3333 715 3391 in
737 3334 865 3392 Ponto?
928 3333 981 3392 Su.
1024 3333 1099 3391 Est:
1122 3334 1184 3392 n6n

830 3430 886 3490 illa
900 3430 952 3489 ubi
969 3436 1020 3489 tus
1035 3427 1184 3504 gignitur,

77 3547 120 3594 935
135 3530 195 3589 de
210 3529 264 3589 ubi
278 3527 474 3606 apsinthidrn
489 3528 526 3586 iit
541 3547 577 3587 ae
591 3527 696 3586 cunila
710 3527 891 3604 gallinacea
896 3562 910 3628 5
