2566 3946
450 210 585 262 rnnvm
607 207 829 260 rnmvunvs
1143 194 1165 262 5

112 382 201 443 Bona
214 380 320 444 fausta
334 381 413 444 felix
427 382 651 460 fortunataque
666 380 828 441 euenat—
908 394 909 399 ’
952 413 954 416 >
996 412 1018 418 ι’

113 477 241 564 [Aside]
286 480 392 558 Teque
418 477 459 539 ut
487 497 580 557 quam
605 477 742 558 primum
770 477 890 555 possim
916 476 1041 537 uideam
1069 476 1165 537 emor·

1066 579 1161 634 tuam.

111 673 178 734 Mn.
223 673 287 735 Hio
300 673 356 734 ille
370 673 428 749 est,
444 678 570 734 senecta
582 672 685 734 aetate
700 691 755 751 qui
745 668 888 731 factust
901 687 988 749 puer,

111 770 173 842 Qui
186 768 337 831 admisit
329 790 362 829 m
378 789 410 830 se
424 769 555 848 eulpam
563 769 843 865 castigabilem.u‘m
842 797 875 833 a)
933 776 936 780 '

112 867 287 944 Adgrediar
300 867 466 927 hominem.
529 868 586 928 CA.
629 866 729 936 Quoia
738 823 843 925 111οψ
801 883 863 924 uox
877 883 974 943 prope
983 862 1034 924 me
1044 868 1154 925 sonat.
1145 866 1161 908 ⁹
1173 890 1203 939 4⁵

112 967 175 1023 ΜΕ.
218 964 279 1024 Tui
293 963 517 1038 beneuolentis,
534 983 561 1024 si
553 961 622 1023 'ita
638 982 670 1023 es
684 968 721 1022 ut
735 980 792 1038 ego
806 962 838 1021 te
851 961 940 1022 uolor

113 1061 167 1119 Sin
183 1060 241 1120 alit
216 1066 275 1119 iter
290 1079 332 1135 ee,
348 1059 469 1119 inimici
483 1066 578 1136 atque
592 1057 666 1119 irati
680 1058 747 1119 tibi.

112 1157 168 1218 CA.
212 1155 360 1231 Oamioe,
376 1156 471 1232 salue,
490 1154 495 1239 Ι
514 1157 608 1233 atque
623 1155 771 1233 aequalis.
812 1139 857 1216 Vt
870 1154 967 1231 uates,

111 1254 356 1329 Megaronides?
418 1255 482 1313 Mn.
525 1255 567 1313 Et
581 1258 617 1313 tu
630 1253 741 1330 edepol
756 1253 851 1328 salue,
866 1251 1020 1313 Callicles.

112 1351 169 1411 CA.
211 1350 338 1410 Valeri?
380 1350 566 1412 Valuistin?
618 1351 682 1410 Mn.
725 1350 823 1411 Valeo
837 1356 870 1410 et
884 1349 970 1408 ualui
985 1349 1109 1410 rectius.
1172 1377 1204 1425 50

111 1447 167 1507 CA.
210 1435 302 1517 Quid
319 1445 375 1508 tr'ra
401 1448 467 1526 agit
494 1449 598 1509 uxor?
639 1432 684 1510 v't
707 1447 821 1508 ualet?
863 1448 927 1507 Mn.
963 1446 1042 1506 Plus
1067 1465 1160 1523 quam

1008 1543 1065 1621 ego
1079 1542 1159 1603 uolo.

111 1642 167 1702 Cn.
210 1643 294 1723 Bene
309 1643 413 1703 hercle
427 1649 476 1722 est
490 1643 577 1703 illam
593 1642 653 1704 tssri
667 1644 772 1703 ualere
787 1648 819 1702 et
832 1639 948 1701 uiuere.

111 1740 174 1798 Mn.
218 1725 318 1799 Credo
332 1739 436 1800 hercle
451 1746 482 1799 te
497 1741 641 1816 gaudere,
657 1740 685 1800 si
699 1740 776 1817 quid
790 1738 869 1797 mihi
884 1737 959 1797 mali
973 1742 1030 1798 est.

111 1835 167 1895 On.
211 1836 363 1896 Omnibus
377 1836 486 1895 amieis
501 1837 583 1912 quod
597 1835 677 1894 mihi
691 1841 739 1896 est
754 1835 845 1912 cupio
859 1834 927 1894 esse
942 1834 1034 1894 idem.

111 1933 175 1990 Mn.
217 1932 287 1992 Eho
300 1931 344 2005 tri,
355 1938 410 1991 tua
424 1951 502 1991 uxor
517 1931 594 2009 quid
608 1932 702 2007 agit?
757 1932 813 1992 On.
850 1930 1043 1990 Immortalis
1059 1936 1123 1990 est:
1173 1956 1203 2006 55

104 2010 199 2088 'Viuit
215 2028 396 2104 uictimaque
410 2029 466 2087 est.
530 2030 593 2088 Mn.
637 2029 721 2087 Bene
735 2026 839 2087 hercle
852 2024 989 2102 nuntiae,

111 2125 256 2200 Deosque
271 2126 324 2184 oro
338 2130 374 2184 ut
387 2125 471 2184 uitae
485 2126 558 2184 tuae
573 2131 730 2202 superstes
746 2128 902 2202 suppetat.

111 2220 168 2280 Cn.
211 2221 293 2279 Dum
309 2220 434 2298 quidem
449 2221 552 2281 herole
562 2227 670 2307 meum
685 2220 785 2298 nupta
799 2221 850 2296 sit,
865 2220 939 2280 sane
953 2220 1060 2282 uelim.

111 2318 174 2376 Mn.
217 2317 283 2392 Min
295 2319 546 2379 commutemus?
588 2317 685 2378 Tuam
701 2337 758 2394 ego
773 2318 881 2377 duoam
898 2325 930 2376 et
944 2316 980 2377 tu
993 2319 1118 2377 meam?

111 2416 196 2475 Faxo
210 2414 294 2475 haud
309 2416 469 2476 tantillum
478 2416 608 2492 „dederis
625 2413 790 2476 uerborum
804 2414 893 2474 mihi.
1173 2429 1204 2475 6ο

111 2512 168 2572 CA.
210 2513 354 2590 Namque
369 2514 451 2572 enim
467 2520 512 2587 tu,
528 2514 629 2588 ored0,
645 2532 693 2572 me
708 2512 928 2590 inprudentem
942 2511 1125 2590 obrepseris.

111 2610 175 2668 Mn.
217 2610 267 2673 Ne
280 2615 316 2669 tu
330 2610 434 2670 hercle
449 2611 525 2670 faxo
538 2610 623 2670 haud
637 2610 758 2669 nescias
773 2628 865 2685 quam
881 2627 946 2667 rem
961 2609 1069 2684 egeris.

74 2732 76 2740 ¹
111 2706 168 2768 On.
211 2707 338 2767 Habea‘s
354 2713 388 2766 ut
402 2708 561 2768 nanetu’s:
584 2709 659 2767 nota
673 2706 756 2766 mala
769 2724 818 2766 res
833 2707 999 2783 optumast.

110 2804 142 2863 N
144 2823 194 2864 am
208 2823 265 2880 ego
279 2804 360 2863 mino
375 2805 403 2865 si
417 2805 555 2880 ignotam
571 2804 702 2881 capiam,
718 2802 795 2881 quid
809 2821 899 2878 agam
914 2803 1061 2864 nesciam.

111 2902 176 2961 Mn.
217 2901 337 2979 Edepol
354 2901 485 2979 proinde
499 2907 535 2962 ut
548 2901 627 2961 bene
641 2900 771 2977 uiuitur,
787 2899 842 2960 diu
856 2898 985 2960 uiuitur.
1174 2912 1204 2974 65

113 2996 174 3058 Sed
187 2997 247 3076 hoo
260 2998 399 3058 animum
415 2998 545 3058 aduorte
559 3004 653 3075 atque
668 2996 758 3059 aufer
772 2997 969 3073 ridicularia3

110 3095 194 3153 Nam
209 3112 266 3170 ego
281 3090 387 3155 dedita
401 3092 496 3172 opera
508 3096 570 3155 hue
583 3095 623 3155 ad
639 3100 670 3154 te
681 3094 784 3155 uenio.
848 3094 905 3154 Cn.
947 3092 1029 3164 Quid
1043 3093 1162 3155 uenis?

111 3192 177 3250 Mn.
219 3189 314 3252 Malis
328 3198 360 3252 te
374 3197 411 3253 ut
423 3191 529 3253 uerbis
546 3190 653 3252 multis
671 3192 805 3251 multum
820 3189 1001 3267 obiurigem.

112 3286 169 3347 Ca,
211 3288 315 3348 Men?
376 3290 440 3349 Mn.
482 3287 640 3368 Numquis
652 3294 700 3349 est
710 3288 763 3348 hio
773 3288 854 3348 alius
869 3293 991 3366 praeter
1005 3308 1055 3349 me
1068 3289 1162 3367 atque

1104 3388 1161 3445 te?

111 3480 170 3543 CA.
212 3482 356 3543 Nemost.
398 3483 465 3542 Mn.
509 3482 591 3554 Quid
602 3487 638 3542 tu
647 3482 744 3559 igitur
755 3480 873 3560 rogitas
883 3488 956 3543 tene
967 3480 1161 3567 obiurigem?
1175 3507 1205 3552 70
