<?xml version="1.0" encoding="UTF-8"?>
<!DOCTYPE html PUBLIC "-//W3C//DTD XHTML 1.0 Transitional//EN"
    "http://www.w3.org/TR/xhtml1/DTD/xhtml1-transitional.dtd">
<html xmlns="http://www.w3.org/1999/xhtml" xml:lang="en" lang="en">
 <head>
  <title>
</title>
<meta http-equiv="Content-Type" content="text/html;charset=utf-8" />
  <meta name='ocr-system' content='tesseract 3.04.00' />
  <meta name='ocr-capabilities' content='ocr_page ocr_carea ocr_par ocr_line ocrx_word'/>
</head>
<body>
  <div class='ocr_page' id='page_1' title='image "./trinummusplautu00plaugoog_0069.png"; bbox 0 0 2566 3946; ppageno 0'>
   <div class='ocr_carea' id='block_1_1' title="bbox 172 169 966 258">
    <p class='ocr_par' dir='ltr' id='par_1_1' title="bbox 172 169 966 258">
     <span class='ocr_line' id='line_1_1' title="bbox 172 169 966 258; baseline 0.009 -7"><span class='ocrx_word' id='word_1_1' title='bbox 172 195 213 258; x_wconf 78' lang='grc'>28</span> <span class='ocrx_word' id='word_1_2' title='bbox 510 205 646 254; x_wconf 87' lang='lat' dir='ltr'><strong>PLAVTI</strong></span> <span class='ocrx_word' id='word_1_3' title='bbox 669 206 891 257; x_wconf 74' lang='lat' dir='ltr'>TRINVMMVS</span> <span class='ocrx_word' id='word_1_4' title='bbox 965 169 966 172; x_wconf 40' lang='lat'>¹</span> 
     </span>
    </p>
   </div>
   <div class='ocr_carea' id='block_1_2' title="bbox 111 359 1221 3556">
    <p class='ocr_par' dir='ltr' id='par_1_2' title="bbox 171 359 1221 554">
     <span class='ocr_line' id='line_1_2' title="bbox 171 359 1221 455; baseline 0.003 -18"><span class='ocrx_word' id='word_1_5' title='bbox 171 379 231 439; x_wconf 84' lang='lat' dir='ltr'>Lr.</span> <span class='ocrx_word' id='word_1_6' title='bbox 276 359 334 440; x_wconf 75' lang='grc' dir='ltr'>Ᾰῃ</span> <span class='ocrx_word' id='word_1_7' title='bbox 354 377 387 438; x_wconf 90' lang='lat' dir='ltr'>id</span> <span class='ocrx_word' id='word_1_8' title='bbox 409 383 457 438; x_wconf 89' lang='lat' dir='ltr'>est</span> <span class='ocrx_word' id='word_1_9' title='bbox 479 396 596 455; x_wconf 81' lang='lat' dir='ltr'>sapere,</span> <span class='ocrx_word' id='word_1_10' title='bbox 618 383 654 438; x_wconf 89' lang='lat' dir='ltr'>ut</span> <span class='ocrx_word' id='word_1_11' title='bbox 682 376 738 455; x_wconf 90' lang='lat' dir='ltr'>qui</span> <span class='ocrx_word' id='word_1_12' title='bbox 757 377 942 438; x_wconf 86' lang='lat' dir='ltr'>beneficium</span> <span class='ocrx_word' id='word_1_13' title='bbox 970 398 990 440; x_wconf 91' lang='lat' dir='ltr'>a</span> <span class='ocrx_word' id='word_1_14' title='bbox 1016 379 1221 441; x_wconf 79' lang='lat' dir='ltr'>beneuolento</span> 
     </span>
     <span class='ocr_line' id='line_1_3' title="bbox 1048 477 1221 554; baseline 0.006 -18"><span class='ocrx_word' id='word_1_15' title='bbox 1048 477 1221 554; x_wconf 80' lang='lat' dir='ltr'>repudies?</span> 
     </span>
    </p>

    <p class='ocr_par' dir='ltr' id='par_1_3' title="bbox 170 571 1220 748">
     <span class='ocr_line' id='line_1_4' title="bbox 170 571 1220 650; baseline 0.003 -20"><span class='ocrx_word' id='word_1_16' title='bbox 170 573 227 631; x_wconf 76' lang='lat' dir='ltr'>Im.</span> <span class='ocrx_word' id='word_1_17' title='bbox 269 572 401 632; x_wconf 77' lang='lat' dir='ltr'>Nr&#39;rllum</span> <span class='ocrx_word' id='word_1_18' title='bbox 415 571 601 632; x_wconf 84' lang='lat' dir='ltr'>beneficium</span> <span class='ocrx_word' id='word_1_19' title='bbox 623 573 691 632; x_wconf 80' lang='lat' dir='ltr'>esse</span> <span class='ocrx_word' id='word_1_20' title='bbox 706 572 784 633; x_wconf 89' lang='lat' dir='ltr'>duco</span> <span class='ocrx_word' id='word_1_21' title='bbox 805 572 839 632; x_wconf 91' lang='lat' dir='ltr'>id</span> <span class='ocrx_word' id='word_1_22' title='bbox 860 573 942 649; x_wconf 83' lang='lat' dir='ltr'>quad</span> <span class='ocrx_word' id='word_1_23' title='bbox 957 572 1031 650; x_wconf 88' lang='lat' dir='ltr'>quoi</span> <span class='ocrx_word' id='word_1_24' title='bbox 1045 573 1144 634; x_wconf 89' lang='lat' dir='ltr'>facias</span> <span class='ocrx_word' id='word_1_25' title='bbox 1158 576 1220 634; x_wconf 88' lang='lat' dir='ltr'>n6n</span> 
     </span>
     <span class='ocr_line' id='line_1_5' title="bbox 1108 671 1219 748; baseline 0.009 -19"><span class='ocrx_word' id='word_1_26' title='bbox 1108 671 1219 748; x_wconf 88' lang='lat' dir='ltr'>placet.</span> 
     </span>
    </p>

    <p class='ocr_par' dir='ltr' id='par_1_4' title="bbox 172 765 1220 844">
     <span class='ocr_line' id='line_1_6' title="bbox 172 765 1220 844; baseline 0.001 -18"><span class='ocrx_word' id='word_1_27' title='bbox 172 766 241 826; x_wconf 85' lang='lat' dir='ltr'>Scio</span> <span class='ocrx_word' id='word_1_28' title='bbox 256 785 313 842; x_wconf 85' lang='lat' dir='ltr'>ego</span> <span class='ocrx_word' id='word_1_29' title='bbox 326 773 359 826; x_wconf 92' lang='lat' dir='ltr'>ct</span> <span class='ocrx_word' id='word_1_30' title='bbox 374 765 475 826; x_wconf 89' lang='lat' dir='ltr'>sentio</span> <span class='ocrx_word' id='word_1_31' title='bbox 489 766 557 844; x_wconf 88' lang='lat' dir='ltr'>ipse</span> <span class='ocrx_word' id='word_1_32' title='bbox 571 767 648 844; x_wconf 91' lang='lat' dir='ltr'>quid</span> <span class='ocrx_word' id='word_1_33' title='bbox 662 786 761 842; x_wconf 87' lang='lat' dir='ltr'>agam,</span> <span class='ocrx_word' id='word_1_34' title='bbox 773 768 873 844; x_wconf 80' lang='lat' dir='ltr'>neque</span> <span class='ocrx_word' id='word_1_35' title='bbox 884 787 972 828; x_wconf 89' lang='lat' dir='ltr'>mens</span> <span class='ocrx_word' id='word_1_36' title='bbox 984 767 1084 827; x_wconf 84' lang='lat' dir='ltr'>officia</span> <span class='ocrx_word' id='word_1_37' title='bbox 1095 767 1220 843; x_wconf 87' lang='lat' dir='ltr'>migrat,</span> 
     </span>
    </p>

    <p class='ocr_par' dir='ltr' id='par_1_5' title="bbox 112 863 960 941">
     <span class='ocr_line' id='line_1_7' title="bbox 112 863 960 941; baseline 0 -17"><span class='ocrx_word' id='word_1_38' title='bbox 112 879 158 936; x_wconf 82' lang='lat'>640</span> <span class='ocrx_word' id='word_1_39' title='bbox 169 863 201 922; x_wconf 89' lang='lat' dir='ltr'>N</span> <span class='ocrx_word' id='word_1_40' title='bbox 204 864 237 923; x_wconf 78' lang='lat' dir='ltr'>ac</span> <span class='ocrx_word' id='word_1_41' title='bbox 250 863 316 923; x_wconf 90' lang='lat' dir='ltr'>tuis</span> <span class='ocrx_word' id='word_1_42' title='bbox 331 863 471 940; x_wconf 82' lang='lat' dir='ltr'>depallar</span> <span class='ocrx_word' id='word_1_43' title='bbox 485 864 580 923; x_wconf 89' lang='lat' dir='ltr'>dictis</span> <span class='ocrx_word' id='word_1_44' title='bbox 595 863 672 941; x_wconf 88' lang='lat' dir='ltr'>quin</span> <span class='ocrx_word' id='word_1_45' title='bbox 687 865 803 923; x_wconf 90' lang='lat' dir='ltr'>rumori</span> <span class='ocrx_word' id='word_1_46' title='bbox 820 865 960 924; x_wconf 77' lang='lat' dir='ltr'>sarciam.</span> 
     </span>
    </p>

    <p class='ocr_par' dir='ltr' id='par_1_6' title="bbox 169 959 1219 1137">
     <span class='ocr_line' id='line_1_8' title="bbox 169 959 1219 1040; baseline 0.005 -23"><span class='ocrx_word' id='word_1_47' title='bbox 169 960 228 1018; x_wconf 66' lang='grc' dir='ltr'>ΙΝ.</span> <span class='ocrx_word' id='word_1_48' title='bbox 270 959 353 1030; x_wconf 82' lang='lat' dir='ltr'>Quid</span> <span class='ocrx_word' id='word_1_49' title='bbox 374 960 449 1020; x_wconf 88' lang='lat' dir='ltr'>ais?</span> <span class='ocrx_word' id='word_1_50' title='bbox 470 960 553 1019; x_wconf 88' lang='lat' dir='ltr'>Nam</span> <span class='ocrx_word' id='word_1_51' title='bbox 575 961 703 1020; x_wconf 80' lang='lat' dir='ltr'>retineri</span> <span class='ocrx_word' id='word_1_52' title='bbox 725 980 844 1037; x_wconf 87' lang='lat' dir='ltr'>nequeo</span> <span class='ocrx_word' id='word_1_53' title='bbox 865 962 941 1039; x_wconf 93' lang='lat' dir='ltr'>quin</span> <span class='ocrx_word' id='word_1_54' title='bbox 964 962 1064 1022; x_wconf 86' lang='lat' dir='ltr'>dicam</span> <span class='ocrx_word' id='word_1_55' title='bbox 1086 981 1219 1040; x_wconf 87' lang='lat' dir='ltr'>eaquae</span> 
     </span>
     <span class='ocr_line' id='line_1_9' title="bbox 365 1061 1217 1137; baseline 0.006 -22"><span class='ocrx_word' id='word_1_56' title='bbox 365 1071 368 1079; x_wconf 87' lang='grc'><em>·</em></span> <span class='ocrx_word' id='word_1_57' title='bbox 1043 1061 1217 1137; x_wconf 80' lang='lat' dir='ltr'>promeres:</span> 
     </span>
    </p>

    <p class='ocr_par' dir='ltr' id='par_1_7' title="bbox 169 1133 1129 1232">
     <span class='ocr_line' id='line_1_10' title="bbox 169 1133 1129 1232; baseline 0.002 -20"><span class='ocrx_word' id='word_1_58' title='bbox 169 1133 242 1213; x_wconf 77' lang='lat' dir='ltr'>itan</span> <span class='ocrx_word' id='word_1_59' title='bbox 256 1154 383 1214; x_wconf 90' lang='lat' dir='ltr'>tandem</span> <span class='ocrx_word' id='word_1_60' title='bbox 397 1154 478 1215; x_wconf 91' lang='lat' dir='ltr'>hanc</span> <span class='ocrx_word' id='word_1_61' title='bbox 493 1155 636 1215; x_wconf 81' lang='lat' dir='ltr'>maiiares</span> <span class='ocrx_word' id='word_1_62' title='bbox 652 1154 770 1214; x_wconf 88' lang='lat' dir='ltr'>famam</span> <span class='ocrx_word' id='word_1_63' title='bbox 785 1156 984 1216; x_wconf 89' lang='lat' dir='ltr'>tradiderunt</span> <span class='ocrx_word' id='word_1_64' title='bbox 999 1155 1058 1216; x_wconf 79' lang='lat' dir='ltr'>tssri</span> <span class='ocrx_word' id='word_1_65' title='bbox 1073 1155 1129 1232; x_wconf 90' lang='lat' dir='ltr'>tui,</span> 
     </span>
    </p>

    <p class='ocr_par' dir='ltr' id='par_1_8' title="bbox 169 1233 1051 1332">
     <span class='ocr_line' id='line_1_11' title="bbox 169 1233 1051 1332; baseline 0 -20"><span class='ocrx_word' id='word_1_66' title='bbox 169 1233 213 1312; x_wconf 69' lang='lat' dir='ltr'>Vt</span> <span class='ocrx_word' id='word_1_67' title='bbox 227 1251 345 1311; x_wconf 89' lang='lat' dir='ltr'>uirtute</span> <span class='ocrx_word' id='word_1_68' title='bbox 360 1271 465 1310; x_wconf 89' lang='lat' dir='ltr'>eorum</span> <span class='ocrx_word' id='word_1_69' title='bbox 480 1252 644 1328; x_wconf 88' lang='lat' dir='ltr'>anteparta</span> <span class='ocrx_word' id='word_1_70' title='bbox 658 1253 713 1329; x_wconf 80' lang='lat' dir='ltr'>par</span> <span class='ocrx_word' id='word_1_71' title='bbox 727 1251 881 1328; x_wconf 85' lang='lat' dir='ltr'>flagitium</span> <span class='ocrx_word' id='word_1_72' title='bbox 897 1254 1051 1332; x_wconf 77' lang='lat' dir='ltr'>perderes,</span> 
     </span>
    </p>

    <p class='ocr_par' dir='ltr' id='par_1_9' title="bbox 169 1331 1064 1432">
     <span class='ocr_line' id='line_1_12' title="bbox 169 1331 1064 1432; baseline 0.001 -23"><span class='ocrx_word' id='word_1_73' title='bbox 169 1331 279 1426; x_wconf 61' lang='lat' dir='ltr'>atque</span> <span class='ocrx_word' id='word_1_74' title='bbox 294 1349 403 1407; x_wconf 90' lang='lat' dir='ltr'>honori</span> <span class='ocrx_word' id='word_1_75' title='bbox 418 1350 612 1432; x_wconf 79' lang='lat' dir='ltr'>posterorum</span> <span class='ocrx_word' id='word_1_76' title='bbox 627 1350 751 1408; x_wconf 84' lang='lat' dir='ltr'>tuarum</span> <span class='ocrx_word' id='word_1_77' title='bbox 766 1355 801 1408; x_wconf 91' lang='lat' dir='ltr'>ut</span> <span class='ocrx_word' id='word_1_78' title='bbox 815 1349 932 1408; x_wconf 86' lang='lat' dir='ltr'>uindex</span> <span class='ocrx_word' id='word_1_79' title='bbox 946 1350 1064 1411; x_wconf 78' lang='lat' dir='ltr'>fieres?</span> 
     </span>
    </p>

    <p class='ocr_par' dir='ltr' id='par_1_10' title="bbox 111 1444 1117 1815">
     <span class='ocr_line' id='line_1_13' title="bbox 111 1444 1073 1524; baseline 0.003 -21"><span class='ocrx_word' id='word_1_80' title='bbox 111 1458 156 1515; x_wconf 82' lang='lat'>⁶45</span> <span class='ocrx_word' id='word_1_81' title='bbox 170 1444 241 1504; x_wconf 82' lang='lat' dir='ltr'>Tibi</span> <span class='ocrx_word' id='word_1_82' title='bbox 256 1451 406 1523; x_wconf 90' lang='lat' dir='ltr'>paterque</span> <span class='ocrx_word' id='word_1_83' title='bbox 420 1446 556 1521; x_wconf 75' lang='lat' dir='ltr'>auosque</span> <span class='ocrx_word' id='word_1_84' title='bbox 572 1445 697 1504; x_wconf 81' lang='lat' dir='ltr'>facilem</span> <span class='ocrx_word' id='word_1_85' title='bbox 712 1446 789 1505; x_wconf 81' lang='lat' dir='ltr'>facit</span> <span class='ocrx_word' id='word_1_86' title='bbox 804 1453 835 1505; x_wconf 92' lang='lat' dir='ltr'>et</span> <span class='ocrx_word' id='word_1_87' title='bbox 850 1447 973 1524; x_wconf 87' lang='lat' dir='ltr'>planam</span> <span class='ocrx_word' id='word_1_88' title='bbox 989 1446 1073 1507; x_wconf 87' lang='lat' dir='ltr'>uiam</span> 
     </span>
     <span class='ocr_line' id='line_1_14' title="bbox 169 1524 1117 1620; baseline 0.003 -19"><span class='ocrx_word' id='word_1_89' title='bbox 169 1524 225 1601; x_wconf 73' lang='lat' dir='ltr'>rid</span> <span class='ocrx_word' id='word_1_90' title='bbox 240 1542 453 1618; x_wconf 82' lang='lat' dir='ltr'>quaerundum</span> <span class='ocrx_word' id='word_1_91' title='bbox 469 1541 633 1600; x_wconf 79' lang='lat' dir='ltr'>honorem:</span> <span class='ocrx_word' id='word_1_92' title='bbox 657 1550 692 1600; x_wconf 92' lang='lat' dir='ltr'>tu</span> <span class='ocrx_word' id='word_1_93' title='bbox 706 1542 811 1603; x_wconf 76' lang='lat' dir='ltr'>fecisti</span> <span class='ocrx_word' id='word_1_94' title='bbox 827 1550 862 1603; x_wconf 95' lang='lat' dir='ltr'>ut</span> <span class='ocrx_word' id='word_1_95' title='bbox 877 1543 1011 1604; x_wconf 87' lang='lat' dir='ltr'>difficilis</span> <span class='ocrx_word' id='word_1_96' title='bbox 1025 1544 1117 1620; x_wconf 88' lang='lat' dir='ltr'>foret,</span> 
     </span>
     <span class='ocr_line' id='line_1_15' title="bbox 169 1637 1033 1716; baseline 0.003 -19"><span class='ocrx_word' id='word_1_97' title='bbox 169 1637 270 1716; x_wconf 81' lang='lat' dir='ltr'>Culpa</span> <span class='ocrx_word' id='word_1_98' title='bbox 284 1657 428 1697; x_wconf 84' lang='lat' dir='ltr'>maxume</span> <span class='ocrx_word' id='word_1_99' title='bbox 443 1638 474 1697; x_wconf 82' lang='lat' dir='ltr'>at</span> <span class='ocrx_word' id='word_1_100' title='bbox 489 1638 610 1697; x_wconf 90' lang='lat' dir='ltr'>desidia</span> <span class='ocrx_word' id='word_1_101' title='bbox 624 1637 749 1716; x_wconf 89' lang='lat' dir='ltr'>tuisque</span> <span class='ocrx_word' id='word_1_102' title='bbox 765 1640 872 1699; x_wconf 89' lang='lat' dir='ltr'>stultis</span> <span class='ocrx_word' id='word_1_103' title='bbox 889 1640 1033 1701; x_wconf 80' lang='lat' dir='ltr'>maribus.</span> 
     </span>
     <span class='ocr_line' id='line_1_16' title="bbox 169 1734 1070 1815; baseline 0.004 -22"><span class='ocrx_word' id='word_1_104' title='bbox 169 1734 401 1811; x_wconf 68' lang='lat' dir='ltr'>Praecptauisti</span> <span class='ocrx_word' id='word_1_105' title='bbox 415 1736 548 1793; x_wconf 83' lang='lat' dir='ltr'>amarem</span> <span class='ocrx_word' id='word_1_106' title='bbox 566 1741 651 1793; x_wconf 89' lang='lat' dir='ltr'>tuom</span> <span class='ocrx_word' id='word_1_107' title='bbox 667 1735 714 1794; x_wconf 86' lang='lat' dir='ltr'>uti</span> <span class='ocrx_word' id='word_1_108' title='bbox 729 1736 842 1809; x_wconf 78' lang='lat' dir='ltr'>uirtuti</span> <span class='ocrx_word' id='word_1_109' title='bbox 856 1738 1070 1815; x_wconf 81' lang='lat' dir='ltr'>praepaneres.</span> 
     </span>
    </p>

    <p class='ocr_par' dir='ltr' id='par_1_11' title="bbox 168 1830 1218 1992">
     <span class='ocr_line' id='line_1_17' title="bbox 168 1830 1218 1910; baseline 0.005 -21"><span class='ocrx_word' id='word_1_110' title='bbox 168 1830 261 1890; x_wconf 85' lang='lat' dir='ltr'>Nirnc</span> <span class='ocrx_word' id='word_1_111' title='bbox 275 1837 306 1890; x_wconf 89' lang='lat' dir='ltr'>te</span> <span class='ocrx_word' id='word_1_112' title='bbox 322 1831 380 1891; x_wconf 91' lang='lat' dir='ltr'>hoc</span> <span class='ocrx_word' id='word_1_113' title='bbox 394 1830 480 1891; x_wconf 87' lang='lat' dir='ltr'>facto</span> <span class='ocrx_word' id='word_1_114' title='bbox 493 1830 595 1890; x_wconf 81' lang='lat' dir='ltr'>credis</span> <span class='ocrx_word' id='word_1_115' title='bbox 609 1851 700 1909; x_wconf 90' lang='lat' dir='ltr'>posse</span> <span class='ocrx_word' id='word_1_116' title='bbox 720 1833 864 1910; x_wconf 75' lang='lat' dir='ltr'>optegere</span> <span class='ocrx_word' id='word_1_117' title='bbox 878 1836 1006 1894; x_wconf 88' lang='lat' dir='ltr'>errata?</span> <span class='ocrx_word' id='word_1_118' title='bbox 1046 1834 1133 1896; x_wconf 81' lang='lat' dir='ltr'>Aha!</span> <span class='ocrx_word' id='word_1_119' title='bbox 1155 1837 1218 1895; x_wconf 87' lang='lat' dir='ltr'>n6n</span> 
     </span>
     <span class='ocr_line' id='line_1_18' title="bbox 1131 1933 1208 1992; baseline 0.013 -1"><span class='ocrx_word' id='word_1_120' title='bbox 1131 1933 1208 1992; x_wconf 80' lang='lat' dir='ltr'>itast</span> 
     </span>
    </p>

    <p class='ocr_par' dir='ltr' id='par_1_12' title="bbox 112 2025 1217 2299">
     <span class='ocr_line' id='line_1_19' title="bbox 112 2025 1122 2111; baseline 0.006 -28"><span class='ocrx_word' id='word_1_121' title='bbox 112 2040 156 2096; x_wconf 82' lang='lat'>650</span> <span class='ocrx_word' id='word_1_122' title='bbox 169 2025 251 2102; x_wconf 86' lang='lat' dir='ltr'>Cape</span> <span class='ocrx_word' id='word_1_123' title='bbox 266 2025 310 2085; x_wconf 89' lang='lat' dir='ltr'>sis</span> <span class='ocrx_word' id='word_1_124' title='bbox 324 2025 474 2085; x_wconf 90' lang='lat' dir='ltr'>uirtutem</span> <span class='ocrx_word' id='word_1_125' title='bbox 489 2026 593 2085; x_wconf 90' lang='lat' dir='ltr'>animo</span> <span class='ocrx_word' id='word_1_126' title='bbox 607 2032 638 2085; x_wconf 91' lang='lat' dir='ltr'>et</span> <span class='ocrx_word' id='word_1_127' title='bbox 652 2027 743 2111; x_wconf 76' lang='lat' dir='ltr'>cqrdc</span> <span class='ocrx_word' id='word_1_128' title='bbox 758 2027 878 2105; x_wconf 79' lang='lat' dir='ltr'>expelle</span> <span class='ocrx_word' id='word_1_129' title='bbox 893 2028 1045 2088; x_wconf 80' lang='lat' dir='ltr'>desidiam</span> <span class='ocrx_word' id='word_1_130' title='bbox 1059 2034 1122 2089; x_wconf 85' lang='lat' dir='ltr'>tue.</span> 
     </span>
     <span class='ocr_line' id='line_1_20' title="bbox 168 2103 1188 2200; baseline 0.007 -21"><span class='ocrx_word' id='word_1_131' title='bbox 168 2103 207 2180; x_wconf 75' lang='lat' dir='ltr'>in</span> <span class='ocrx_word' id='word_1_132' title='bbox 222 2123 291 2180; x_wconf 88' lang='lat' dir='ltr'>foro</span> <span class='ocrx_word' id='word_1_133' title='bbox 305 2141 431 2198; x_wconf 85' lang='lat' dir='ltr'>operam</span> <span class='ocrx_word' id='word_1_134' title='bbox 446 2123 555 2183; x_wconf 90' lang='lat' dir='ltr'>amicis</span> <span class='ocrx_word' id='word_1_135' title='bbox 570 2124 618 2198; x_wconf 93' lang='lat' dir='ltr'>da,</span> <span class='ocrx_word' id='word_1_136' title='bbox 633 2143 672 2183; x_wconf 89' lang='lat' dir='ltr'>nc</span> <span class='ocrx_word' id='word_1_137' title='bbox 687 2125 719 2183; x_wconf 89' lang='lat' dir='ltr'>in</span> <span class='ocrx_word' id='word_1_138' title='bbox 734 2124 816 2184; x_wconf 82' lang='lat' dir='ltr'>lacto</span> <span class='ocrx_word' id='word_1_139' title='bbox 831 2126 956 2200; x_wconf 87' lang='lat' dir='ltr'>amicae,</span> <span class='ocrx_word' id='word_1_140' title='bbox 971 2132 1007 2185; x_wconf 89' lang='lat' dir='ltr'>ut</span> <span class='ocrx_word' id='word_1_141' title='bbox 1022 2126 1133 2187; x_wconf 83' lang='lat' dir='ltr'>salitus</span> <span class='ocrx_word' id='word_1_142' title='bbox 1148 2146 1188 2187; x_wconf 89' lang='lat' dir='ltr'>es.</span> 
     </span>
     <span class='ocr_line' id='line_1_21' title="bbox 168 2201 1217 2299; baseline 0.004 -21"><span class='ocrx_word' id='word_1_143' title='bbox 168 2201 278 2295; x_wconf 62' lang='lat' dir='ltr'>atque</span> <span class='ocrx_word' id='word_1_144' title='bbox 306 2218 403 2278; x_wconf 88' lang='lat' dir='ltr'>istum</span> <span class='ocrx_word' id='word_1_145' title='bbox 431 2238 488 2294; x_wconf 83' lang='lat' dir='ltr'>ego</span> <span class='ocrx_word' id='word_1_146' title='bbox 516 2238 624 2294; x_wconf 87' lang='lat' dir='ltr'>agrum</span> <span class='ocrx_word' id='word_1_147' title='bbox 652 2219 712 2280; x_wconf 91' lang='lat' dir='ltr'>tibi</span> <span class='ocrx_word' id='word_1_148' title='bbox 733 2221 869 2299; x_wconf 85' lang='lat' dir='ltr'>relinqui</span> <span class='ocrx_word' id='word_1_149' title='bbox 890 2223 929 2282; x_wconf 82' lang='lat' dir='ltr'>ab</span> <span class='ocrx_word' id='word_1_150' title='bbox 950 2241 1019 2282; x_wconf 87' lang='lat' dir='ltr'>eam</span> <span class='ocrx_word' id='word_1_151' title='bbox 1040 2241 1105 2282; x_wconf 85' lang='lat' dir='ltr'>rem</span> <span class='ocrx_word' id='word_1_152' title='bbox 1126 2223 1217 2283; x_wconf 85' lang='lat' dir='ltr'>enixe</span> 
     </span>
    </p>

    <p class='ocr_par' dir='ltr' id='par_1_13' title="bbox 167 2320 1217 2589">
     <span class='ocr_line' id='line_1_22' title="bbox 1095 2320 1217 2398; baseline 0 -20"><span class='ocrx_word' id='word_1_153' title='bbox 1095 2320 1217 2398; x_wconf 82' lang='lat' dir='ltr'>expet0,</span> 
     </span>
     <span class='ocr_line' id='line_1_23' title="bbox 167 2396 1096 2494; baseline 0.002 -20"><span class='ocrx_word' id='word_1_154' title='bbox 167 2396 211 2474; x_wconf 76' lang='lat' dir='ltr'>Vt</span> <span class='ocrx_word' id='word_1_155' title='bbox 225 2413 291 2473; x_wconf 83' lang='lat' dir='ltr'>tibi·</span> <span class='ocrx_word' id='word_1_156' title='bbox 300 2413 342 2473; x_wconf 89' lang='lat' dir='ltr'>sit</span> <span class='ocrx_word' id='word_1_157' title='bbox 356 2413 412 2490; x_wconf 91' lang='lat' dir='ltr'>qui</span> <span class='ocrx_word' id='word_1_158' title='bbox 425 2413 457 2473; x_wconf 79' lang='lat' dir='ltr'>ta</span> <span class='ocrx_word' id='word_1_159' title='bbox 472 2413 625 2489; x_wconf 82' lang='lat' dir='ltr'>corrigere</span> <span class='ocrx_word' id='word_1_160' title='bbox 639 2415 749 2492; x_wconf 82' lang='lat' dir='ltr'>passis,</span> <span class='ocrx_word' id='word_1_161' title='bbox 765 2435 804 2475; x_wconf 88' lang='lat' dir='ltr'>ne</span> <span class='ocrx_word' id='word_1_162' title='bbox 819 2416 945 2475; x_wconf 90' lang='lat' dir='ltr'>omnino</span> <span class='ocrx_word' id='word_1_163' title='bbox 959 2416 1096 2494; x_wconf 90' lang='lat' dir='ltr'>inopiam</span> 
     </span>
     <span class='ocr_line' id='line_1_24' title="bbox 168 2508 1055 2589; baseline 0.003 -20"><span class='ocrx_word' id='word_1_164' title='bbox 168 2508 261 2569; x_wconf 80' lang='lat' dir='ltr'>Ciues</span> <span class='ocrx_word' id='word_1_165' title='bbox 276 2510 429 2570; x_wconf 85' lang='lat' dir='ltr'>obiectare</span> <span class='ocrx_word' id='word_1_166' title='bbox 444 2510 566 2587; x_wconf 87' lang='lat' dir='ltr'>possint</span> <span class='ocrx_word' id='word_1_167' title='bbox 580 2510 638 2570; x_wconf 91' lang='lat' dir='ltr'>tibi</span> <span class='ocrx_word' id='word_1_168' title='bbox 653 2532 729 2589; x_wconf 92' lang='lat' dir='ltr'>quos</span> <span class='ocrx_word' id='word_1_169' title='bbox 744 2518 779 2572; x_wconf 90' lang='lat' dir='ltr'>tu</span> <span class='ocrx_word' id='word_1_170' title='bbox 794 2512 936 2573; x_wconf 83' lang='lat' dir='ltr'>inimicas</span> <span class='ocrx_word' id='word_1_171' title='bbox 950 2513 1055 2573; x_wconf 88' lang='lat' dir='ltr'>habes.</span> 
     </span>
    </p>

    <p class='ocr_par' dir='ltr' id='par_1_14' title="bbox 111 2594 1159 2976">
     <span class='ocr_line' id='line_1_25' title="bbox 111 2594 1159 2686; baseline 0.007 -24"><span class='ocrx_word' id='word_1_172' title='bbox 111 2618 154 2676; x_wconf 84' lang='lat'>655</span> <span class='ocrx_word' id='word_1_173' title='bbox 168 2607 223 2665; x_wconf 79' lang='lat' dir='ltr'>Im.</span> <span class='ocrx_word' id='word_1_174' title='bbox 269 2594 383 2666; x_wconf 82' lang='lat' dir='ltr'>Omnia</span> <span class='ocrx_word' id='word_1_175' title='bbox 396 2626 452 2682; x_wconf 88' lang='lat' dir='ltr'>ego</span> <span class='ocrx_word' id='word_1_176' title='bbox 462 2613 559 2667; x_wconf 81' lang='lat' dir='ltr'>Istaec</span> <span class='ocrx_word' id='word_1_177' title='bbox 568 2609 647 2685; x_wconf 84' lang='lat' dir='ltr'>quaa</span> <span class='ocrx_word' id='word_1_178' title='bbox 658 2614 697 2673; x_wconf 51' lang='lat' dir='ltr'>tu,¹</span> <span class='ocrx_word' id='word_1_179' title='bbox 705 2607 786 2668; x_wconf 83' lang='lat' dir='ltr'>dixti</span> <span class='ocrx_word' id='word_1_180' title='bbox 801 2608 873 2684; x_wconf 85' lang='lat' dir='ltr'>scio,</span> <span class='ocrx_word' id='word_1_181' title='bbox 881 2609 931 2669; x_wconf 91' lang='lat' dir='ltr'>uel</span> <span class='ocrx_word' id='word_1_182' title='bbox 948 2609 1159 2686; x_wconf 83' lang='lat' dir='ltr'>exsignauero,</span> 
     </span>
     <span class='ocr_line' id='line_1_26' title="bbox 168 2687 1094 2781; baseline 0.001 -17"><span class='ocrx_word' id='word_1_183' title='bbox 168 2687 212 2764; x_wconf 72' lang='lat' dir='ltr'>Vt</span> <span class='ocrx_word' id='word_1_184' title='bbox 226 2722 289 2762; x_wconf 91' lang='lat' dir='ltr'>rem</span> <span class='ocrx_word' id='word_1_185' title='bbox 305 2704 440 2781; x_wconf 88' lang='lat' dir='ltr'>patriam</span> <span class='ocrx_word' id='word_1_186' title='bbox 455 2710 486 2763; x_wconf 94' lang='lat' dir='ltr'>et</span> <span class='ocrx_word' id='word_1_187' title='bbox 500 2705 630 2780; x_wconf 77' lang='lat' dir='ltr'>gloriam</span> <span class='ocrx_word' id='word_1_188' title='bbox 646 2706 798 2765; x_wconf 80' lang='lat' dir='ltr'>maiarum</span> <span class='ocrx_word' id='word_1_189' title='bbox 813 2706 965 2773; x_wconf 85' lang='lat' dir='ltr'>foedarim</span> <span class='ocrx_word' id='word_1_190' title='bbox 984 2725 1094 2766; x_wconf 88' lang='lat' dir='ltr'>meum.</span> 
     </span>
     <span class='ocr_line' id='line_1_27' title="bbox 169 2792 1094 2883; baseline 0.003 -24"><span class='ocrx_word' id='word_1_191' title='bbox 169 2800 291 2860; x_wconf 84' lang='lat' dir='ltr'>Scibam</span> <span class='ocrx_word' id='word_1_192' title='bbox 305 2807 341 2859; x_wconf 88' lang='lat' dir='ltr'>ut</span> <span class='ocrx_word' id='word_1_193' title='bbox 356 2819 424 2859; x_wconf 89' lang='lat' dir='ltr'>esse</span> <span class='ocrx_word' id='word_1_194' title='bbox 439 2801 488 2859; x_wconf 80' lang='lat' dir='ltr'>ma</span> <span class='ocrx_word' id='word_1_195' title='bbox 503 2801 634 2875; x_wconf 88' lang='lat' dir='ltr'>deceret,</span> <span class='ocrx_word' id='word_1_196' title='bbox 650 2801 752 2861; x_wconf 85' lang='lat' dir='ltr'>facere</span> <span class='ocrx_word' id='word_1_197' title='bbox 766 2792 828 2861; x_wconf 88' lang='lat' dir='ltr'>non</span> <span class='ocrx_word' id='word_1_198' title='bbox 843 2803 967 2883; x_wconf 79' lang='lat' dir='ltr'>quibam</span> <span class='ocrx_word' id='word_1_199' title='bbox 983 2804 1094 2863; x_wconf 90' lang='lat' dir='ltr'>miser:</span> 
     </span>
     <span class='ocr_line' id='line_1_28' title="bbox 167 2878 1081 2976; baseline 0.002 -19"><span class='ocrx_word' id='word_1_200' title='bbox 167 2878 219 2957; x_wconf 76' lang='lat' dir='ltr'>ita</span> <span class='ocrx_word' id='word_1_201' title='bbox 232 2897 266 2955; x_wconf 92' lang='lat' dir='ltr'>ui</span> <span class='ocrx_word' id='word_1_202' title='bbox 279 2897 411 2957; x_wconf 91' lang='lat' dir='ltr'>Veneris</span> <span class='ocrx_word' id='word_1_203' title='bbox 426 2888 560 2970; x_wconf 84' lang='lat' dir='ltr'>uinctus,</span> <span class='ocrx_word' id='word_1_204' title='bbox 576 2899 640 2958; x_wconf 89' lang='lat' dir='ltr'>otio</span> <span class='ocrx_word' id='word_1_205' title='bbox 655 2899 747 2976; x_wconf 88' lang='lat' dir='ltr'>aptus</span> <span class='ocrx_word' id='word_1_206' title='bbox 764 2900 796 2958; x_wconf 89' lang='lat' dir='ltr'>iu</span> <span class='ocrx_word' id='word_1_207' title='bbox 812 2890 954 2960; x_wconf 87' lang='lat' dir='ltr'>fraudem</span> <span class='ocrx_word' id='word_1_208' title='bbox 969 2887 1081 2959; x_wconf 78' lang='lat' dir='ltr'>incidi:</span> 
     </span>
    </p>

    <p class='ocr_par' dir='ltr' id='par_1_15' title="bbox 168 2977 1111 3072">
     <span class='ocr_line' id='line_1_29' title="bbox 168 2977 1111 3072; baseline 0.004 -20"><span class='ocrx_word' id='word_1_209' title='bbox 168 2977 212 3054; x_wconf 75' lang='lat' dir='ltr'>Et</span> <span class='ocrx_word' id='word_1_210' title='bbox 225 2993 284 3053; x_wconf 88' lang='lat' dir='ltr'>tibi</span> <span class='ocrx_word' id='word_1_211' title='bbox 298 3013 381 3053; x_wconf 90' lang='lat' dir='ltr'>nuno</span> <span class='ocrx_word' id='word_1_212' title='bbox 395 2994 525 3071; x_wconf 90' lang='lat' dir='ltr'>proinde</span> <span class='ocrx_word' id='word_1_213' title='bbox 539 2994 574 3054; x_wconf 83' lang='lat' dir='ltr'>irt</span> <span class='ocrx_word' id='word_1_214' title='bbox 590 3015 705 3054; x_wconf 88' lang='lat' dir='ltr'>merere</span> <span class='ocrx_word' id='word_1_215' title='bbox 722 2995 858 3056; x_wconf 77' lang='lat' dir='ltr'>sammas</span> <span class='ocrx_word' id='word_1_216' title='bbox 873 2998 971 3058; x_wconf 89' lang='lat' dir='ltr'>habeo</span> <span class='ocrx_word' id='word_1_217' title='bbox 986 2997 1111 3072; x_wconf 84' lang='lat' dir='ltr'>gratias.</span> 
     </span>
    </p>

    <p class='ocr_par' dir='ltr' id='par_1_16' title="bbox 111 3073 1162 3268">
     <span class='ocr_line' id='line_1_30' title="bbox 111 3073 1162 3173; baseline 0.007 -28"><span class='ocrx_word' id='word_1_218' title='bbox 111 3101 155 3145; x_wconf 84' lang='lat'>660</span> <span class='ocrx_word' id='word_1_219' title='bbox 168 3092 225 3150; x_wconf 86' lang='lat' dir='ltr'>Lr.</span> <span class='ocrx_word' id='word_1_220' title='bbox 268 3073 317 3151; x_wconf 63' lang='lat' dir='ltr'>rit</span> <span class='ocrx_word' id='word_1_221' title='bbox 328 3110 452 3168; x_wconf 90' lang='lat' dir='ltr'>operam</span> <span class='ocrx_word' id='word_1_222' title='bbox 464 3091 565 3168; x_wconf 89' lang='lat' dir='ltr'>perire</span> <span class='ocrx_word' id='word_1_223' title='bbox 577 3112 675 3152; x_wconf 88' lang='lat' dir='ltr'>meam</span> <span class='ocrx_word' id='word_1_224' title='bbox 689 3093 733 3153; x_wconf 89' lang='lat' dir='ltr'>sic</span> <span class='ocrx_word' id='word_1_225' title='bbox 745 3094 776 3152; x_wconf 80' lang='lat' dir='ltr'>at</span> <span class='ocrx_word' id='word_1_226' title='bbox 788 3100 819 3153; x_wconf 90' lang='lat' dir='ltr'>te</span> <span class='ocrx_word' id='word_1_227' title='bbox 828 3094 904 3153; x_wconf 89' lang='lat' dir='ltr'>haec</span> <span class='ocrx_word' id='word_1_228' title='bbox 914 3094 1005 3153; x_wconf 91' lang='lat' dir='ltr'>corde</span> <span class='ocrx_word' id='word_1_229' title='bbox 1017 3094 1162 3173; x_wconf 78' lang='lat' dir='ltr'>spernere</span> 
     </span>
     <span class='ocr_line' id='line_1_31' title="bbox 167 3188 1021 3268; baseline 0.005 -21"><span class='ocrx_word' id='word_1_230' title='bbox 167 3188 294 3266; x_wconf 79' lang='lat' dir='ltr'>Perpeti</span> <span class='ocrx_word' id='word_1_231' title='bbox 309 3189 437 3264; x_wconf 82' lang='lat' dir='ltr'>nequea,</span> <span class='ocrx_word' id='word_1_232' title='bbox 453 3188 545 3248; x_wconf 88' lang='lat' dir='ltr'>simul</span> <span class='ocrx_word' id='word_1_233' title='bbox 561 3208 610 3248; x_wconf 90' lang='lat' dir='ltr'>me</span> <span class='ocrx_word' id='word_1_234' title='bbox 625 3188 711 3267; x_wconf 75' lang='lat' dir='ltr'>piget</span> <span class='ocrx_word' id='word_1_235' title='bbox 725 3209 835 3268; x_wconf 88' lang='lat' dir='ltr'>parum</span> <span class='ocrx_word' id='word_1_236' title='bbox 850 3191 967 3268; x_wconf 76' lang='lat' dir='ltr'>pudere</span> <span class='ocrx_word' id='word_1_237' title='bbox 981 3196 1021 3251; x_wconf 86' lang='lat' dir='ltr'>te.</span> 
     </span>
    </p>

    <p class='ocr_par' dir='ltr' id='par_1_17' title="bbox 166 3268 1116 3556">
     <span class='ocr_line' id='line_1_32' title="bbox 166 3268 1116 3365; baseline 0.004 -21"><span class='ocrx_word' id='word_1_238' title='bbox 166 3268 211 3345; x_wconf 71' lang='lat' dir='ltr'>Et</span> <span class='ocrx_word' id='word_1_239' title='bbox 225 3291 391 3362; x_wconf 88' lang='lat' dir='ltr'>postremo,</span> <span class='ocrx_word' id='word_1_240' title='bbox 406 3285 467 3344; x_wconf 89' lang='lat' dir='ltr'>nisi</span> <span class='ocrx_word' id='word_1_241' title='bbox 483 3286 527 3343; x_wconf 93' lang='lat' dir='ltr'>mi</span> <span class='ocrx_word' id='word_1_242' title='bbox 541 3287 698 3346; x_wconf 86' lang='lat' dir='ltr'>auscultas</span> <span class='ocrx_word' id='word_1_243' title='bbox 713 3288 807 3364; x_wconf 91' lang='lat' dir='ltr'>atque</span> <span class='ocrx_word' id='word_1_244' title='bbox 821 3287 880 3348; x_wconf 89' lang='lat' dir='ltr'>hoo</span> <span class='ocrx_word' id='word_1_245' title='bbox 893 3295 929 3348; x_wconf 88' lang='lat' dir='ltr'>ut</span> <span class='ocrx_word' id='word_1_246' title='bbox 944 3288 1013 3347; x_wconf 84' lang='lat' dir='ltr'>dica</span> <span class='ocrx_word' id='word_1_247' title='bbox 1026 3287 1116 3365; x_wconf 87' lang='lat' dir='ltr'>facis,</span> 
     </span>
     <span class='ocr_line' id='line_1_33' title="bbox 167 3381 1027 3459; baseline 0.006 -20"><span class='ocrx_word' id='word_1_248' title='bbox 167 3381 247 3441; x_wconf 79' lang='lat' dir='ltr'>Trite</span> <span class='ocrx_word' id='word_1_249' title='bbox 262 3400 342 3459; x_wconf 93' lang='lat' dir='ltr'>pone</span> <span class='ocrx_word' id='word_1_250' title='bbox 356 3382 389 3440; x_wconf 80' lang='lat' dir='ltr'>te</span> <span class='ocrx_word' id='word_1_251' title='bbox 403 3381 514 3441; x_wconf 89' lang='lat' dir='ltr'>latebis</span> <span class='ocrx_word' id='word_1_252' title='bbox 529 3382 631 3458; x_wconf 87' lang='lat' dir='ltr'>facile,</span> <span class='ocrx_word' id='word_1_253' title='bbox 647 3402 685 3442; x_wconf 88' lang='lat' dir='ltr'>ne</span> <span class='ocrx_word' id='word_1_254' title='bbox 701 3383 840 3442; x_wconf 87' lang='lat' dir='ltr'>inueniat</span> <span class='ocrx_word' id='word_1_255' title='bbox 855 3390 886 3443; x_wconf 92' lang='lat' dir='ltr'>tc</span> <span class='ocrx_word' id='word_1_256' title='bbox 902 3385 1027 3444; x_wconf 90' lang='lat' dir='ltr'>Honor:</span> 
     </span>
     <span class='ocr_line' id='line_1_34' title="bbox 167 3460 1034 3556; baseline 0.006 -20"><span class='ocrx_word' id='word_1_257' title='bbox 167 3460 206 3536; x_wconf 79' lang='lat' dir='ltr'>in</span> <span class='ocrx_word' id='word_1_258' title='bbox 220 3477 342 3537; x_wconf 75' lang='lat' dir='ltr'>occulto</span> <span class='ocrx_word' id='word_1_259' title='bbox 355 3478 479 3554; x_wconf 78' lang='lat' dir='ltr'>iacebis,</span> <span class='ocrx_word' id='word_1_260' title='bbox 495 3498 588 3556; x_wconf 90' lang='lat' dir='ltr'>quom</span> <span class='ocrx_word' id='word_1_261' title='bbox 602 3485 633 3538; x_wconf 92' lang='lat' dir='ltr'>te</span> <span class='ocrx_word' id='word_1_262' title='bbox 649 3481 792 3539; x_wconf 81' lang='lat' dir='ltr'>maxume</span> <span class='ocrx_word' id='word_1_263' title='bbox 806 3480 925 3539; x_wconf 84' lang='lat' dir='ltr'>olarirm</span> <span class='ocrx_word' id='word_1_264' title='bbox 938 3481 1034 3543; x_wconf 88' lang='lat' dir='ltr'>uoles.</span> 
     </span>
    </p>
   </div>
   <div class='ocr_carea' id='block_1_3' title="bbox 0 0 1288 3946">
    <p class='ocr_par' dir='ltr' id='par_1_18' title="bbox 0 0 1288 3946">
     <span class='ocr_line' id='line_1_35' title="bbox 0 0 1288 3946; baseline 0 3"><span class='ocrx_word' id='word_1_265' title='bbox 0 0 1288 3946; x_wconf 95' lang='lat' dir='ltr'> </span> 
     </span>
    </p>
   </div>
  </div>
 </body>
</html>
