2566 3946
128 206 170 270 14
466 217 604 268 rnnvrr
625 215 848 267 rsrnvnnvs

121 390 227 451 Hisce
255 390 311 466 ego
339 390 377 449 de
411 389 531 450 artibus
566 389 697 466 gratiam
733 389 825 464 facio,
856 406 895 449 ne
926 387 1010 448 colas
1034 405 1114 448 neue
1136 385 1179 448 in·

917 485 994 546 buis
1009 473 1182 561 ingenium,

309 587 381 644 Mcb
396 585 486 644 modo
501 591 532 644 et
546 585 683 645 moribus
699 584 799 644 uiuite
813 583 971 661 antiquis:
1036 592 1040 599 '

508 683 591 753 Quae
606 701 663 758 ego
677 682 736 742 tibi
751 682 919 760 praecipio,
935 700 971 741 ee
985 680 1091 741 facito.

91 785 92 789 ’
129 779 187 840 Nil
208 780 265 856 ego
289 785 367 839 istos
388 785 489 838 moror
510 778 632 838 faeceos
660 797 771 855 mores,
798 779 951 854 turbidos,
974 779 1087 857 quibus
1107 779 1182 838 boni

215 875 218 880 ’
936 877 1125 936 dedecorant
1139 894 1182 938 se.

91 974 219 1055 ‘Haec
233 971 292 1031 tibi
314 972 340 1032 si
362 990 431 1031 mea
451 971 584 1049 imperiti
604 990 755 1050 capesses,
778 972 879 1033 multa
899 973 981 1033 bona
1002 974 1035 1032 in
1057 979 1184 1050 pectore

75 1094 119 1140 300
1009 1070 1181 1130 consident

132 1262 190 1321 Lu.
234 1262 361 1340 Semper
381 1281 557 1340 egensque
578 1263 618 1322 ad
639 1261 720 1323 haino
741 1268 876 1324 aetatem
898 1264 938 1324 ab
959 1263 1089 1323 ineunte
1110 1263 1185 1323 adu·
1238 1288 1268 1313 μ’·

1032 1359 1186 1420 lescintia

133 1455 209 1515 Tuis
224 1455 340 1516 ceruini
355 1456 537 1515 seruitutem
553 1446 702 1533 imperiis,
718 1457 904 1535 praeceptis,
919 1465 1017 1536 pater.

131 1551 195 1611 Pro
209 1542 334 1627 ingenio
349 1570 404 1626 ego
419 1569 468 1609 me
482 1550 615 1611 liberum
629 1571 698 1613 esse
712 1554 799 1613 ratus
814 1573 892 1628 sum,
908 1573 963 1631 pro
985 1552 1116 1631 imperio
1129 1557 1186 1613 tuo

134 1650 241 1708 Meum
254 1649 393 1709 animum
407 1648 466 1707 tibi
482 1649 664 1708 seruitutem
681 1650 798 1709 seruire
813 1669 944 1728 aequom
959 1650 1074 1711 censui.

77 1747 194 1824 305P11.
239 1737 299 1816 Qui
313 1743 412 1805 homo
427 1764 496 1804 cnm
518 1747 621 1805 animo
642 1746 716 1806 inde
738 1748 778 1807 ab
798 1747 926 1807 ineunte
947 1749 1049 1807 aeta'te
1071 1747 1187 1824 depug-

79 1903 82 1908 .
1050 1844 1106 1904 nait
1119 1862 1186 1919 suo,

133 1924 246 2002 Vtrum
261 1941 345 2000 itane
360 1959 426 2000 esse
441 1940 571 1999 miuelit
587 1948 621 1999 ut
635 1959 706 2000 eum
721 1941 843 2002 animus
857 1961 987 2019 aequom
1002 1943 1138 2016 censeat,

135 2022 191 2098 Ᾰη
205 2039 250 2097 ita
264 2038 368 2116 potius
382 2036 417 2096 rit
432 2043 575 2115 parentes
591 2039 661 2096 eum
676 2045 743 2098 esse
757 2044 789 2099 et
803 2038 928 2114 cognati
942 2038 1051 2097 uelint.

136 2134 169 2194 si
184 2135 307 2194 sinimus
322 2135 479 2193 hominem
494 2135 624 2212 pepulit,
640 2140 785 2210 actumst,
800 2136 905 2194 animo
915 2136 1022 2210 seruit,
1038 2133 1185 2194 nonsibi:

137 2232 170 2291 Si
185 2231 251 2309 ipse
266 2231 403 2290 animum
419 2230 550 2307 pepulit,
566 2231 640 2289 dum
654 2231 744 2305 uiuit,
760 2231 861 2292 uictor
875 2231 1029 2291 uictorum
1044 2231 1138 2292 cluet.

81 2352 124 2404 310
137 2326 185 2386 Tri
200 2327 226 2388 si
241 2327 381 2387 animum
395 2325 501 2386 uicisti
516 2328 726 2405 potiusquam
740 2328 865 2388 inimus
879 2334 920 2404 te,
943 2334 991 2388 est
1012 2329 1096 2406 qnod
1117 2325 1189 2403 gari·

1102 2424 1187 2486 deas.

136 2520 244 2581 Nimio
259 2521 373 2581 satiust
387 2520 422 2581 tt
436 2526 529 2599 opust
543 2522 596 2581 ted
611 2522 657 2581 ita
671 2523 738 2582 esse
753 2542 846 2600 quam
860 2528 896 2583 ut
911 2522 1015 2583 animo
1028 2522 1125 2583 lubet.

139 2618 213 2698 (Qui
227 2619 366 2678 animum
380 2619 512 2678 uincunt
526 2620 620 2696 quarn
642 2640 719 2697 quos
741 2621 864 2680 animus
885 2621 1007 2698 semper
1028 2619 1189 2698 probiores

1058 2716 1189 2798 cluent.)

138 2814 197 2872 Lu.
240 2794 342 2873 istaec
354 2832 410 2888 ego
421 2813 463 2871 mi
476 2815 597 2892 semper
611 2814 707 2874 habui
719 2814 816 2875 aetati
831 2813 1079 2891 integumentum
1091 2831 1189 2890 meae,

139 2911 189 2969 Ne
216 2918 412 2988 penetrarem
440 2929 489 2969 me
513 2909 654 2988 usquam,
682 2912 737 2972 nbi
765 2919 848 2972 esset
870 2912 976 2971 damni
1005 2910 1191 2971 conciliabu-

1113 3008 1191 3085 lum,

84 3131 128 3179 315
141 3105 212 3163 Neu
226 3110 320 3163 noctu
335 3105 412 3164 irem
428 3105 660 3166 obambulatum
674 3106 734 3167 neti
750 3127 836 3168 suom
852 3107 1022 3167 adimerem
1035 3105 1136 3167 alteri.

142 3202 213 3261 Neu
227 3202 286 3262 tibi
301 3202 537 3279 aegritudinem,
554 3213 651 3283 pater,
667 3207 817 3283 parerem,
832 3205 918 3283 parsi
933 3205 1056 3265 sedulo:
1095 3210 1097 3214 ’

144 3300 235 3362 Sirta
248 3307 331 3362 tecta
344 3308 399 3363 tua
413 3311 578 3381 praecepta
598 3323 697 3382 usque
712 3305 808 3365 habui
824 3324 892 3366 mea
906 3303 1068 3364 modestia

136 3400 203 3461 ΡΗ.
246 3398 328 3469 Quid
349 3400 544 3477 exprobras?
586 3402 670 3460 Bene
693 3403 775 3479 quod
796 3402 901 3463 fecisti
922 3400 981 3462 tlbi
1001 3400 1116 3476 fecisti,
1131 3400 1195 3461 non

1099 3497 1193 3559 mihi:
