2566 3946
143 212 185 274 42
482 226 620 276 rnavrr
643 228 865 280 ruruvuuvs

143 377 249 474 ritque
266 398 306 457 ad
326 396 461 457 amicum
483 397 654 473 Calliclem,
670 399 744 476 quoi
765 419 831 459 rem
852 400 938 462 assiat
958 402 1124 462 mandasse
1144 401 1198 463 hio

1083 501 1195 560 suam?

143 591 225 651 Mssri
243 592 452 666 concrederet,
468 591 530 652 nisi
548 597 619 653 med
634 593 688 652 ille
704 595 736 654 et
749 613 807 670 ego
822 593 914 653 illum
928 596 1052 655 nossem
1073 597 1197 674 probe?

27 755 29 759 ,
142 689 200 751 Cn.
242 672 431 748 Enimuero
452 709 509 766 ego
530 709 611 749 nunc
634 690 846 772 sycophantae
870 691 943 750 huic
971 691 1196 772 sycophantari

81 782 85 797 ¹
1112 789 1193 864 u010,

143 883 177 943 Si
197 882 280 943 huno
303 902 428 960 possum
451 883 507 943 illo
530 884 618 944 mille
640 905 802 944 nummum
817 885 1001 963 Philippum
1023 885 1195 946 circumdu-

1115 1001 1193 1059 cere,

84 1097 127 1152 960
141 1077 229 1146 Quod
241 1076 301 1136 sibi
313 1095 362 1135 me
373 1077 497 1138 dedisse
510 1078 600 1152 dixit,
611 1097 703 1155 quem
716 1080 772 1154 ego
784 1079 839 1155 qui
850 1078 893 1138 sit
904 1078 996 1138 homo
1007 1079 1112 1140 nescio
1168 1091 1169 1094 ’

140 1173 251 1249 Neque
269 1173 366 1232 oculis
389 1181 461 1233 ante
482 1173 565 1233 hrino
586 1176 670 1233 diem
691 1194 840 1252 umquam
862 1175 937 1234 uidi.
981 1176 1062 1236 Eine
1083 1196 1192 1236 aurum

1036 1275 1193 1333 crederem

140 1365 228 1440 Quoi,
238 1367 265 1426 si
275 1367 387 1444 capitis
398 1368 446 1426 re's
457 1368 508 1442 sit,
518 1388 680 1427 nummum
689 1367 858 1445 numquam
870 1369 991 1428 credam
1003 1368 1191 1447 plumbeum.

139 1446 400 1540 adgrediundust
427 1462 479 1522 hio
503 1465 596 1523 homo
621 1464 664 1523 mi
690 1470 768 1524 astu.
812 1466 911 1540 HeuS,
934 1466 1011 1539 Pax,
1034 1472 1066 1527 te
1090 1467 1192 1528 tribus

990 1563 1096 1623 uerbis
1111 1565 1191 1624 uolo.

141 1658 194 1717 Su.
237 1658 296 1717 Vel
311 1656 469 1719 trecentis.
533 1660 590 1719 Cn.
628 1659 742 1718 Ha‘ben
763 1665 798 1717 tu
820 1658 853 1718 id
875 1679 993 1733 aurum,
1009 1660 1093 1737 quod
1111 1667 1193 1720 acce-

873 1757 947 1833 pisti
963 1776 982 1816 a
996 1755 1191 1818 Charmide?

141 1853 194 1912 Sr.
238 1835 344 1929 etque
365 1852 461 1912 etiam
482 1852 676 1930 Philippum,
699 1860 896 1912 numeratum
918 1851 1005 1913 illius
1029 1854 1062 1911 in
1084 1855 1193 1915 mensa

82 1962 126 2020 9⁶5
1088 1970 1191 2027 manu,

140 2045 230 2105 Mssle
251 2067 424 2109 nummum.
490 2049 549 2108 Cn.
594 2049 716 2125 Nempe
734 2049 772 2108 ab
790 2048 859 2125 ipso
877 2047 1077 2125 id‘aecepisti
1099 2048 1194 2108 Char-

1082 2145 1192 2206 mide?

141 2241 196 2301 Sr.
241 2240 357 2300 Mirum
383 2243 461 2318 quin
485 2244 523 2302 ab
547 2262 606 2302 auo
628 2241 695 2303 eius
719 2249 774 2303 aut
802 2262 918 2320 proauo
941 2241 1114 2320 acciperem
1137 2242 1193 2320 qui

979 2346 1053 2400 sunt
1067 2339 1190 2400 mortui.

140 2434 197 2494 Cn.
240 2417 444 2511 A‘dulesoens,
466 2437 617 2495 oedodum
645 2436 726 2497 istuc
755 2456 865 2497 aurum
886 2435 939 2495 mi.
1006 2437 1060 2496 Sr.
1103 2437 1191 2508 Quod

824 2553 880 2610 ego
895 2553 1004 2593 aurum
1019 2534 1088 2593 dem
1105 2533 1191 2594 tibi?

139 2630 214 2690 CH..
241 2630 328 2699 Quod
350 2637 369 2688 a
390 2649 438 2688 me
460 2636 491 2689 te
513 2630 669 2707 accepisse
685 2633 808 2693 fassu’s
873 2632 926 2691 Sr.
969 2613 1036 2690 ribs
1058 2635 1090 2690 te
1111 2648 1192 2691 acce

412 2805 415 2810 Ι
735 2731 845 2807 pisse?
907 2728 964 2788 Cn.
1008 2711 1059 2787 ita
1073 2727 1190 2805 loquor.

140 2824 192 2882 Sr.
236 2821 310 2893 Quis
336 2829 371 2882 tu
396 2823 488 2882 homo
513 2827 571 2884 es?
640 2825 698 2886 Cu.
742 2826 801 2896 Qui
828 2826 914 2884 mille
942 2844 1105 2884 nummum
1131 2823 1191 2884 tibi

81 2945 126 2988 970
753 2923 825 2981 dedi
841 2942 897 2998 ego
913 2943 980 2982 sum
997 2921 1189 2983 Charmides.

140 3017 193 3076 Sr.
236 3018 344 3095 Neque
366 3018 476 3095 edepol
491 3019 567 3077 tuis
583 3020 616 3078 es
631 3038 732 3095 neque
751 3019 843 3078 hodie
862 3020 890 3079 is
906 3018 1054 3096 umquam
1075 3018 1137 3080 eris
1150 3055 1192 3064 —

877 3135 952 3175 auro
966 3115 1039 3175 huic
1054 3115 1188 3193 quidem.

140 3194 202 3271 ribi
217 3212 269 3286 sie,
284 3214 433 3287 nugator:
457 3212 568 3287 nugari
583 3209 728 3287 nugatori
745 3214 892 3289 postulas.

140 3309 197 3369 Cn.
235 3307 574 3386 Charmidesegosrim.
639 3311 692 3369 Sr.
733 3310 933 3388 Nequiquam
950 3310 1094 3370 herole's:
1117 3331 1189 3371 narn

852 3396 858 3401 ’
933 3407 1187 3469 nihilaurl‘fero

139 3502 245 3564 Nimis
260 3510 369 3581 argute
385 3523 433 3564 me
448 3491 614 3583 obrepsisti
628 3504 661 3563 in
676 3504 767 3582 eapse
783 3503 1015 3564 occasiuncula:
