2566 3946
135 213 176 275 20
473 229 610 279 rnnvrr
631 228 855 281 rnruvnuvs

76 397 196 467 435P11·
240 396 338 458 Erum
354 399 449 478 etque
464 419 585 460 seruom
601 399 779 479 plerumum
796 402 905 463 Philte
919 402 1007 463 iubet

134 492 268 569 Saluere,
284 496 489 556 Lesbonicum
504 503 535 557 et
551 498 729 558 Stasimum.
792 500 847 558 ΒΕ.
876 499 919 558 Di
932 499 1025 560 duint

134 590 214 665 Tibi,
228 591 345 666 Philto,
358 612 593 671 quaequomque
607 596 705 673 eptes.
751 595 831 666 Quid
846 596 912 671 agit
925 595 1043 656 filius?

132 686 192 746 ΡΕ.
235 688 398 749 Beneuelt
412 690 480 749 tibi.
543 692 601 750 Ln.
645 692 765 769 Edepol
781 692 920 752 mutuom
934 692 1054 753 meoirm
1069 692 1155 754 facit.

134 782 183 843 Sr.
225 785 369 863 Nequam
384 785 465 847 illud
478 788 640 848 uerbumst
655 788 750 848 ‘bene
760 789 845 862 uolt,'
857 788 920 848 nisi
931 789 986 867 qui
999 789 1078 850 bene
1091 791 1171 850 facir-

74 904 121 948 440
132 881 200 954 Ego
213 884 335 960 queque
350 883 422 943 uolo
436 903 504 944 esse
518 883 610 944 hber:
633 883 824 963 nequiquem
838 886 918 945 uolo.

133 977 197 1039 Hic
212 979 349 1058 pestulet
363 981 448 1055 frugi
463 982 547 1041 esse:
571 1001 669 1059 nugas
684 981 831 1059 pestulet.

131 1081 191 1139 PH.
234 1080 324 1136 Meus
340 1078 454 1153 gnetus
470 1097 518 1137 me
532 1079 573 1138 ad
587 1086 618 1138 te
632 1078 729 1154 misit,
745 1079 827 1140 inter
840 1085 872 1139 te
887 1080 981 1156 etque
996 1098 1053 1140 nos

131 1174 341 1234 Adfinitatem
357 1180 393 1233 ut
407 1174 605 1234 oenciliarem
619 1182 652 1234 et
666 1176 806 1250 gretiam.
1080 1169 1088 1176 ’

43 1321 45 1325 .
130 1275 228 1332 Tuam
244 1270 311 1331 uelt
325 1289 461 1330 sororem
476 1271 587 1330 ducere
603 1290 746 1331 uxorem:
770 1273 894 1332 etmihi

73 1392 116 1437 445
132 1368 295 1428 Sententia
308 1368 448 1427 eademst
462 1369 494 1428 et
507 1367 588 1428 uolo.
649 1369 707 1429 ΒΕ.
752 1369 826 1429 Hau
840 1371 934 1430 nosce
948 1374 1052 1430 tuom:

130 1465 226 1526 Bonis
240 1465 304 1524 tuis
320 1464 410 1524 rebus
426 1465 510 1524 mess
525 1485 573 1526 res
588 1464 706 1525 inrides
721 1466 828 1526 malas.

129 1563 191 1621 PH.
236 1562 340 1620 Homo
355 1561 411 1636 ego
426 1579 504 1636 sum,
519 1562 613 1621 homo
626 1570 661 1621 tu
676 1582 727 1622 es:
751 1562 797 1623 ita
810 1583 859 1622 me
874 1562 991 1622 amabit
1005 1561 1159 1641 Irippiter,

129 1660 240 1735 Neque
250 1659 282 1717 te
297 1657 434 1740 derisum
448 1659 582 1717 aduenio
595 1678 696 1736 neque
713 1659 840 1735 dignum
856 1666 942 1736 puto.

128 1757 242 1816 Verum
258 1755 316 1814 hec
328 1755 411 1832 quod
425 1755 493 1813 dixi
507 1756 594 1814 meus
608 1771 657 1814 rne
671 1757 774 1816 orauit
792 1752 890 1831 filius,

71 1884 116 1947 45⁰
128 1853 171 1912 Vt
182 1853 266 1911 tueun
283 1871 418 1911 sororem
433 1853 590 1929 pescerern
604 1854 732 1912 uxorem
748 1851 816 1912 sibi.
945 1928 947 1933 Ι

128 1949 182 2007 ΒΕ.
227 1947 368 2008 Mearirnr
385 1967 432 2007 me
447 1968 548 2007 rerum
564 1950 689 2009 neuisse
704 1956 866 2026 aequomst
880 1946 1030 2009 erdinein.

25 2089 31 2100 .
128 2045 205 2104 Cum
219 2047 327 2106 uestra
340 2052 447 2104 nostra
462 2046 523 2104 nen
538 2052 586 2105 est
600 2065 699 2124 aequa
712 2046 825 2106 factio:

127 2141 336 2201 Adfinitatem
353 2143 442 2202 uebis
457 2142 550 2201 aliam
566 2143 716 2219 quaerite.

128 2238 177 2297 ΒΕ.
221 2239 308 2298 Satin
324 2239 385 2297 tu's
401 2257 495 2298 sanus
510 2238 624 2298 mentis
639 2246 694 2299 aut
708 2239 806 2299 animi
820 2240 877 2314 tui,

69 2359 113 2406 455
127 2335 186 2404 Qui
201 2335 412 2394 cendicionem
428 2335 508 2394 hanc
522 2335 695 2412 repudies?
738 2338 821 2395 Nam
835 2336 925 2395 illrim
941 2336 1001 2398 tibi
1013 2329 1015 2333 ’

60 2507 64 2513 .
127 2431 342 2490 Ferenterium
357 2450 424 2491 esse
438 2431 572 2491 amioum
587 2431 751 2492 inuentum
766 2433 922 2508 intellego

126 2527 182 2586 ΒΕ.
224 2528 310 2587 Abln
337 2527 410 2588 hinc
439 2529 599 2588 dierecte?
662 2530 712 2589 ΒΕ.
756 2530 789 2589 si
817 2529 920 2589 hercle
946 2531 991 2589 ire
1013 2530 1175 2608 occipiem,

1075 2635 1192 2688 uotes

126 2722 182 2782 ΒΕ.
223 2722 296 2783 Nisi
311 2724 387 2801 quid
402 2743 451 2783 me
466 2724 553 2784 aliud
567 2724 626 2799 uis,
641 2724 758 2798 Philt0,
774 2721 920 2801 respondi
933 2722 1001 2783 tibi.

125 2819 185 2879 PH.
230 2819 457 2896 Benigniorem,
473 2820 653 2895 Lesbonice‚
668 2822 700 2880 te
715 2821 793 2879 mihi

68 2930 113 2986 460
125 2917 224 2987 Quam
240 2915 321 2976 nimo
336 2917 479 2994 experior
494 2918 560 2976 esse
576 2917 696 2976 confide
711 2918 795 2976 fore:

125 3014 205 3072 Nam
223 3020 254 3072 et
268 3013 364 3074 stilte
379 3015 482 3073 facere
496 3019 528 3073 et
543 3012 639 3074 stiilte
653 3013 832 3089 tabulatum,

55 3188 59 3195 ί
126 3109 309 3187 Vtrimque,
324 3109 504 3184 Lesbonico,
520 3110 551 3168 in
567 3116 669 3169 aetate
684 3110 746 3170 hair
760 3111 915 3172 bonumst.

127 3206 177 3266 Sr.
218 3208 335 3267 Verum
357 3206 461 3266 hercle
483 3206 535 3266 hic
550 3206 635 3267 dicit.
699 3207 754 3266 Ln.
799 3194 932 3266 Oculum
946 3226 1004 3285 ego
1018 3209 1173 3270 eciodiem

1103 3306 1173 3382 tibi,

127 3401 160 3461 Si
174 3402 303 3461 uerbum
318 3401 486 3462 addideris.
549 3402 598 3461 ST.
641 3401 757 3461 Hercle
772 3401 825 3478 qui
840 3401 943 3460 dicem
957 3407 1078 3480 tamem

69 3503 112 3560 4⁶5
125 3497 206 3557 Nam
225 3497 253 3558 si
268 3499 313 3558 sic
326 3517 390 3557 non
404 3498 521 3576 licebit,
536 3497 642 3558 luscus
660 3496 776 3558 dixero.
