2566 3946
436 275 574 325 rnavrr
595 275 853 342 rumvnuvs
996 332 998 336 ,
1110 264 1152 329 33
1256 352 1257 357 ¹

100 448 214 524 Ignota
227 448 324 509 facies
340 448 419 526 quae
433 468 494 508 non
509 447 642 508 uisiteta
656 447 707 523 sit,

102 545 386 624 (Mendeciloquom
428 546 619 623 aliquem-
685 547 744 606 Cn.
786 545 869 617 Quid
899 545 930 606 is
954 545 1015 606 scit
1047 546 1150 607 facero

1000 645 1149 725 postea?)
1214 694 1216 700 .

92 737 165 798 'Mn
207 738 407 815 Falsidicum,
422 739 678 800 confidentem-
746 741 803 802 CA.
845 739 927 810 Quid
936 745 1003 799 tum
1016 741 1150 817 postea?
1164 772 1208 816 77⁰

101 837 164 894 Mn.
208 837 302 906 Quasi
317 837 357 895 ed
372 836 602 895 adulescentem
620 838 638 896 a
652 842 742 913 patre
757 856 795 896 ex
810 835 952 896 Seler'rcia

100 933 224 1008 Veniet,
240 934 372 992 salutem
387 933 415 991 ci
431 931 556 992 nrintiet
570 932 673 993 uerbis
688 934 803 1011 patris:

101 1028 196 1087 Illrim
212 1030 289 1089 bene
304 1048 409 1105 gerere
424 1048 487 1087 rem
505 1030 536 1088 et
550 1029 654 1089 ualere
668 1037 700 1088 et
714 1029 830 1107 uiuere,

100 1126 143 1185 Et
157 1125 228 1185 erim
244 1127 417 1185 rediturum
433 1125 580 1185 attritum.
624 1128 718 1186 Ferat
732 1127 883 1205 epistulas

100 1223 204 1282 Duas:
227 1223 277 1282 ees
292 1243 349 1282 nos
364 1223 590 1298 consignemus,
607 1223 697 1299 quasi
712 1224 809 1284 sinte
823 1230 920 1302 patre.

101 1321 163 1378 Det
177 1320 307 1379 alteram
323 1319 370 1377 illi
382 1320 406 1401 l,
421 1319 549 1378 elterarn
566 1321 651 1380 dicet
664 1320 724 1380 tibi

100 1417 184 1476 Dare
198 1417 265 1476 sese
280 1417 370 1475 uelle.
435 1418 491 1476 Cn.
534 1418 633 1492 Perge
647 1437 738 1494 porro
752 1417 862 1477 dicere.

101 1515 164 1572 Mn.
209 1515 310 1590 Seque
324 1513 434 1573 aerum
449 1514 532 1573 ferre
546 1514 664 1591 uirgini
679 1517 783 1575 dotem
797 1517 817 1576 e
830 1522 919 1594 patre

101 1610 195 1669 Dicet
209 1616 391 1688 patremque
406 1612 439 1670 id
454 1611 583 1672 irississe
599 1633 707 1672 aurum
724 1612 781 1672 tibi
796 1613 879 1673 dare.
1192 1685 1193 1690 ἵ

100 1707 294 1766 Tenesiam?
358 1711 413 1768 Cn.
456 1709 760 1786 Propemodo,etqrre
770 1710 913 1768 ausculto
923 1710 1116 1800 perlubens„
1167 1729 1210 1786 780

101 1805 165 1862 Mn.
209 1805 288 1862 Tum
304 1795 340 1863 tri
353 1805 449 1879 igitur
464 1805 589 1865 demum
604 1806 796 1865 edulesceuti
810 1805 918 1864 aurem
935 1807 1033 1879 dabis,

103 1900 163 1960 Vbi
178 1900 238 1959 erit
252 1900 354 1960 locata
368 1901 458 1976 uirgo
473 1901 506 1959 in
522 1902 764 1967 matrimonium.

102 1997 159 2056 Cn.
199 1997 283 2056 Scite
294 1998 397 2057 hercle
410 2000 499 2058 sanet
560 1999 626 2058 Mn.
669 1999 748 2073 Hoc,
758 1998 812 2058 ribi
827 2000 1031 2060 thensaurum
1043 2002 1155 2062 effode·

839 2178 842 2182 ἢ
1100 2099 1153 2175 rie,

103 2188 318 2268 Suspicionem
332 2192 370 2250 ab
385 2192 584 2252 edulescente
598 2192 759 2253 amoueris.

102 2288 251 2348 Censebit
265 2307 374 2348 aurum
390 2308 457 2348 esse
472 2290 491 2349 e
505 2297 593 2367 patre
608 2289 738 2349 allatiim
756 2290 831 2350 tibi:

102 2385 150 2442 Tu
164 2385 203 2443 de
216 2385 385 2444 thensauro
401 2385 511 2460 siunes.
576 2388 632 2447 Ca.
678 2389 762 2449 Satis
778 2389 855 2449 scite
871 2390 902 2448 et
916 2390 1029 2467 probel

102 2482 296 2559 Quamquam
311 2482 368 2541 hoc
383 2502 431 2541 me
446 2484 559 2544 aetatis
575 2485 797 2565 sycophantari
811 2488 916 2564 pudet.
1098 2478 1102 2486 ⁴

103 2578 164 2637 Sed
179 2577 331 2656 epistulas
346 2581 471 2656 quando
485 2582 667 2657 opsignatas
681 2582 812 2657 edferet,

104 2674 181 2754 [Sed
197 2695 289 2752 quom
305 2677 486 2753 opsignatas
501 2677 643 2737 ettulerit
658 2678 835 2761 epistulas]

102 2774 214 2831 Nonne
229 2771 390 2832 erbitraiis
406 2774 475 2832 eum
491 2774 720 2834 adulescentem
735 2777 822 2836 enuli

103 2869 230 2928 Paterni
245 2870 368 2945 signum
383 2873 502 2931 nosse?
565 2874 630 2931 Mn.
673 2873 778 2932 Etiam
792 2872 828 2932 tri
842 2877 954 2936 taces?

103 2968 267 3026 Sescentae
282 2968 321 3026 ad
336 2963 402 3026 eam
418 2988 482 3026 rem
498 2968 608 3029 caesae
623 2976 755 3047 possunt
770 2970 902 3048 conligi:

104 3061 197 3120 lllrim
214 3083 307 3140 quem
325 3063 329 3145 Ι
348 3065 458 3124 habuit
473 3067 620 3143 perdidit,
638 3067 749 3145 [aliurn
765 3069 853 3148 post]
870 3067 947 3128 fecit
960 3088 1084 3132 nouom.

103 3160 170 3218 Iam
186 3160 211 3218 si
227 3160 407 3237 opsignatas
422 3165 482 3221 non
497 3164 588 3237 feret,
605 3164 667 3223 dici
682 3163 743 3224 hoc
758 3169 870 3241 potest,

103 3257 197 3334 Apud
211 3256 392 3334 portitorem
408 3260 459 3318 ees
475 3261 648 3335 resignatos
665 3261 724 3320 sibi

103 3353 327 3430 Inspectasque
342 3374 417 3414 esse.
463 3357 500 3413 In
516 3357 609 3416 liuius
626 3358 710 3417 modi
725 3357 851 3433 negotio

102 3451 193 3509 Diem
209 3469 349 3510 sermone
363 3453 462 3510 terere
479 3455 627 3527 segnities
643 3461 773 3514 morast:

102 3547 252 3617 Quamuis
268 3567 423 3608 sermones
440 3551 570 3625 possunt
585 3550 669 3626 longi
683 3552 792 3612 texier.
843 3542 853 3565 ⁴

267 3658 285 3693 D
