2566 3946
456 224 837 301 rravrr'ramvmmvs
1129 235 1172 300 19

120 425 169 484 Sr.
211 422 403 498 comessum,
418 427 576 500 expotum,
592 420 768 496 exdnetum,
784 420 901 480 elotum
915 418 949 479 in
963 417 1115 481 bdlineis:

118 520 269 596 Piscator,
282 521 382 598 pistor
396 519 538 597 dpstulit,
554 518 640 592 lanii,
655 519 756 596 eoqui,
798 568 799 571 ,

119 616 288 692 Holitdres,
304 616 492 696 myropolae,
508 614 659 693 adeupes;
681 613 781 674 confit
795 614 874 674 eito:

117 715 190 773 Non
205 713 308 774 herele
324 713 426 773 minus
439 713 562 773 diuerso
577 710 763 772 distrahitdr
776 711 849 787 cito,

118 811 213 881 Quam
230 809 258 870 si
272 816 308 869 tu
322 809 439 869 obicias
455 808 595 869 formicis
611 809 805 885 papa'uerem.
1180 839 1226 885 410

118 909 172 965 ΒΕ.
216 907 323 967 Minus
338 906 441 966 he'role
456 906 490 964 in
504 905 577 966 istis
592 906 683 964 rebus
699 911 889 982 sumptumst
903 905 958 965 sex
973 904 1076 967 minis.

119 1004 167 1062 Sr.
211 1004 301 1078 Quid,
317 1003 400 1080 quod
415 1002 531 1062 dedisti
547 1001 687 1062 sedrtis?
749 1003 803 1060 ΒΕ.
846 1002 969 1061 Ibidem
983 1002 1046 1062 una
1066 1002 1165 1063 traho,
1262 1057 1267 1072 ,

119 1101 167 1159 Sr.
211 1100 297 1169 Quod
310 1098 569 1175 egodefrudaui?
613 1099 668 1156 ΒΕ.
698 1081 768 1173 Em,
780 1104 877 1158 istaec
888 1098 969 1158 ratio
980 1099 1166 1161 maxumast.

118 1197 167 1255 Sr.
209 1197 282 1255 Non
297 1196 355 1256 tibi
370 1196 450 1255 illud
466 1195 624 1273 apparere,
641 1195 668 1255 si
684 1196 796 1270 somate,
811 1200 925 1273 potest,

117 1293 189 1353 Nisi
205 1300 239 1351 tu
254 1292 429 1352 immortale
446 1294 512 1352 rere
527 1311 595 1352 esse
610 1291 772 1368 argentdm
788 1291 855 1352 tibi.
1180 1321 1222 1369 415

116 1390 176 1448 Pir.
221 1391 295 1449 Sero
310 1392 403 1467 atque
419 1389 525 1465 stulte,
541 1388 628 1467 prius
643 1390 726 1467 quod
741 1394 864 1448 cautum
877 1388 1025 1466 op6rtuit,

116 1488 287 1564 Postquam
302 1487 437 1547 eomedit
452 1488 527 1561 rem,
542 1493 614 1564 post
628 1487 779 1546 ratione‘m
795 1492 894 1564 putat.

116 1584 171 1642 ΒΕ.
212 1584 419 1661 Nequaquam
434 1583 556 1660 argenti
571 1584 651 1643 ratio
665 1584 823 1661 comparet
836 1590 950 1643 tamen.

117 1681 165 1739 ΒΤ.
208 1681 302 1740 Ratio
317 1681 441 1757 quidem
458 1680 562 1739 hercle
574 1682 720 1757 apparet:
744 1685 907 1755 argentum
922 1681 1034 1760 οἴχεται.

115 1777 218 1837 Minas
234 1777 443 1853 quadraginta
457 1776 606 1853 decepisti
621 1795 639 1836 a
653 1776 792 1851 Callicle,
952 1857 960 1873 ,

115 1876 157 1932 Et
170 1874 224 1932 ille
239 1873 326 1933 aedis
343 1873 497 1950 mancipio
512 1874 567 1932 abs
579 1879 611 1931 te
626 1875 774 1950 aceepit?
838 1874 893 1931 ΒΕ.
935 1872 1123 1933 Admodum.

115 1972 174 2029 ΡΗ.
217 1970 274 2029 Pol
287 1969 380 2046 opino
396 1969 510 2028 adfinis
525 1969 630 2028 ndster
645 1971 730 2029 aedis
745 1969 898 2029 uendidit.

114 2067 209 2125 Pate‘r
223 2084 317 2143 quom
332 2084 458 2143 peregre
474 2065 587 2139 ueniet,
603 2065 635 2123 in
650 2066 770 2143 portast
785 2065 880 2142 loeus

114 2162 186 2222 Nisi
202 2163 283 2221 forte
298 2163 331 2220 in
345 2168 485 2221 uentrem
501 2160 572 2220 fssio
585 2162 783 2240 eonrepserit.

115 2260 164 2318 Sr.
207 2260 390 2336 Trapezitae
406 2259 493 2318 mille
508 2259 747 2318 drachumarum
762 2245 937 2339 Olp'rmpioo,

113 2357 195 2426 Quas
211 2356 249 2415 de*
265 2356 383 2415 ratione
398 2355 579 2430 dehibuisti,
595 2356 742 2416 redditae.

113 2453 180 2524 Qua
195 2453 360 2530 sponsione
375 2454 532 2530 pronuper
546 2458 581 2511 tu
596 2453 724 2512 exertus
739 2472 779 2515 es.

113 2550 168 2608 ΒΕ.
211 2549 333 2626 Nempe
348 2549 426 2627 quas
441 2549 603 2627 spopondi.
666 2550 716 2610 ΒΕ.
759 2551 861 2611 Immo
889 2555 985 2628 ‘quas
1008 2551 1163 2629 dependi'

1041 2646 1166 2727 inquito

112 2743 174 2801 Pro
188 2742 244 2802 illo
258 2743 457 2803 adulescente
473 2743 564 2819 quem
576 2749 612 2803 tu
627 2763 695 2804 esse
709 2745 796 2805 aibas
811 2743 952 2805 diuitem.

112 2841 168 2898 m.
211 2841 350 2900 eaerum.
415 2840 463 2899 se.
507 2825 551 2901 <a
565 2841 690 2918 quidem
701 2841 780 2900 mue
792 2843 928 2920 perierit.
992 2843 1047 2901 m.
1090 2843 1164 2902 rao

832 2945 899 2998 tum
914 2938 947 2998 id
961 2957 1084 3017 quoque
1099 2945 1162 2999 est:

112 3033 195 3092 Nam
209 3031 291 3093 mine
307 3053 374 3093 eum
391 3034 458 3094 uidi
474 3035 620 3095 miserum
636 3042 668 3095 et
682 3043 731 3095 me
746 3035 812 3096 eius
828 3035 1042 3095 miseritumst.
1175 3061 1221 3106 430

114 3130 162 3187 Sr.
205 3129 336 3190 Miseret
350 3136 382 3189 te
397 3131 538 3208 aliorum,
554 3131 602 3191 tui
615 3151 672 3192 neo
686 3133 815 3192 miseret
829 3132 886 3191 nee
901 3132 1005 3209 pudet.

112 3226 172 3284 ΡΕ.
216 3225 367 3304 Tempdst
394 3226 538 3287 adeundi.
603 3225 660 3289 ΒΕ.
705 3212 806 3289 Estne
823 3228 875 3289 hie
899 3229 1008 3289 Philto
1030 3229 1085 3306 qui
1112 3231 1164 3290 ad·

1046 3325 1162 3387 uenit?

112 3421 145 3480 Is
159 3419 406 3508 he‘relestipsus.
470 3423 519 3482 Sr.
548 3406 670 3500 Edepol
685 3431 723 3482 ne
739 3442 795 3499 ego
815 3421 911 3482 istdm
924 3422 1022 3483 uelim

112 3517 218 3576 Meum
232 3507 306 3576 fieri
321 3535 442 3576 seruom
457 3517 524 3577 edm
542 3536 599 3578 suo
612 3517 742 3596 poetilio.
