2528 4134
469 1105 766 1231 Poonocus

451 1371 616 1431 vavnm.
660 1372 782 1431 Iuorm

93 1510 150 1567 Lv.
195 1505 328 1584 Sequere
342 1503 401 1564 hdo
416 1521 474 1578 me,
490 1509 593 1578 gnata,
609 1509 645 1561 ut
659 1501 772 1562 munus
787 1501 930 1578 fungaris
944 1508 1043 1564 tuom.

93 1606 142 1663 Iu.
188 1603 312 1679 Sequor,
330 1602 384 1661 sed
398 1600 492 1659 finem
506 1599 573 1659 fore
589 1618 681 1675 quem
695 1599 796 1658 dicam
813 1600 926 1660 nescio,

94 1703 150 1760 Lv.
193 1700 303 1759 Ade‘st.
346 1698 406 1756 Em
421 1697 495 1756 illac
511 1703 584 1755 sunt
600 1696 708 1772 aedes3
731 1696 840 1755 iintro
855 1696 1009 1756 minoium.
1065 1774 1067 1778 Ι

903 1794 991 1874 [Exit
1006 1792 1142 1872 Inepte]

94 1897 197 1969 Nunc,
213 1894 251 1952 ne
266 1893 336 1969 quis
352 1897 434 1950 erret
447 1892 598 1966 uostrum,
613 1891 722 1968 paucis
737 1890 770 1949 in
785 1891 868 1949 uiam

96 1991 265 2064 Dedrieam,
281 1989 308 2049 si
323 1989 450 2065 quidem
465 1989 589 2081 operam
608 1988 682 2047 dare
698 1988 891 2064 promittitis.
1119 2067 1121 2071 ἲ
1161 2009 1174 2060 5

96 2090 189 2156 Nunc
204 2086 299 2161 igitur
314 2085 450 2164 primum
465 2083 534 2161 qum
548 2103 605 2159 ego
617 2085 677 2144 sim
692 2091 724 2144 et
739 2104 818 2162 quae
833 2084 925 2144 illaec
940 2085 1010 2160 siet,

98 2186 169 2243 Huc
184 2203 262 2260 quae
277 2182 355 2242 nibiit
370 2182 464 2256 intro,
481 2181 591 2266 dicam,
608 2182 635 2242 si
650 2181 790 2240 animum
805 2181 981 2240 adudrtitis.

97 2280 237 2340 Primum
253 2280 331 2338 mihi
346 2281 478 2339 Plautus
497 2266 611 2338 ndmen
626 2279 783 2338 Luxuriae
799 2278 932 2338 indidit:
1013 2337 1014 2340 ,

97 2381 177 2438 Tum
196 2378 201 2460 1
220 2377 298 2437 hune
314 2377 392 2435 mihi
407 2382 534 2451 gnatam
548 2377 616 2436 esse
631 2376 734 2436 uoluit
749 2359 902 2453 inopiam.

89 2478 160 2556 'Sed
174 2495 211 2535 ea
225 2474 286 2534 luic
301 2474 376 2557 quid
391 2472 547 2533 introierit
563 2473 702 2551 impulsu
716 2492 797 2548 mee,

99 2572 241 2651 Accipite
257 2579 288 2631 et
303 2556 375 2631 date
389 2570 515 2643 uociuas
530 2571 614 2649 auris
630 2572 703 2630 dum
719 2571 854 2648 eloquor.

56 2697 67 2717 =
99 2670 292 2730 Adulescens
308 2668 435 2746 quidam
450 2674 499 2727 est
514 2653 568 2744 qui
584 2668 616 2726 in
632 2669 717 2728 hisce
732 2665 855 2727 habitat
867 2667 1015 2727 oedibus:

99 2771 132 2827 Is
148 2768 211 2826 rem
229 2773 390 2844 paternam
405 2784 454 2824 me
469 2766 621 2826 ddiutriee
637 2766 783 2844 perdidit.

99 2865 250 2936 Quoniam
267 2863 304 2939 ei,
320 2863 375 2940 qui
389 2882 438 2922 me
453 2863 559 2938 aleret,
576 2863 621 2922 nss
642 2863 733 2923 uideo
749 2882 816 2923 esse
831 2861 949 2937 relicui,

99 2963 181 3020 Dedi
196 2961 225 3022 ei
240 2981 337 3022 meam
356 2961 491 3037 gnatum,
508 2961 632 3038 quicum
650 2967 785 3020 aetatem
800 2961 915 3036 exigat.

101 3060 161 3119 Sed
176 3061 214 3118 de
229 3061 412 3136 uirgumento
427 3078 466 3116 ne
482 3058 669 3135 exspectetis
687 3058 828 3117 ia‘bulae:

102 3158 196 3217 Senes
212 3158 267 3234 qui
283 3158 343 3216 huc
358 3156 494 3229 uenient,
511 3155 523 3214 i
538 3175 602 3214 rem
617 3155 705 3214 uobis
722 3155 872 3232 aperient.

101 3256 185 3332 Huic
201 3256 317 3316 Graece
333 3273 445 3313 nomen
460 3254 508 3313 e'st
523 3253 704 3312 Thensauro
720 3251 864 3323 fdbuloe:

101 3353 245 3411 Philemo
260 3352 404 3428 scripsit3
420 3349 553 3410 Plautus
568 3349 665 3408 uortit
680 3349 819 3424 borbore,

101 3450 225 3510 Nomen
241 3448 424 3508 Trinummo
439 3447 524 3506 fecit.
567 3447 660 3505 Nunc
676 3445 733 3504 hoc
747 3446 803 3505 uos
818 3431 907 3521 rogat
924 3441 960 3510 si
1167 3467 1198 3503 ω

619 3541 634 3591 3
