2566 3946
435 236 570 285 PLAVTI
592 236 814 287 savaMvs
1106 227 1148 290 43

101 411 268 488 Pdstquam
289 428 346 486 ego
366 428 416 469 me
436 427 545 469 aurum
568 408 650 468 ferre
672 407 748 484 dixi,
770 408 842 487 pdst
862 415 899 468 tu
919 409 1033 471 faetu’s
1055 409 1148 471 Char-

648 528 650 532 ·
1030 509 1144 570 mides:
1159 520 1203 568 975

95 603 188 664 Prius
203 611 238 665 tu
253 624 314 663 non
330 611 397 664 eras
412 623 504 681 quam
521 603 590 664 adri
603 603 667 664 feei
681 603 880 665 mentionem.
922 603 1013 665 Nihil
1028 606 1111 681 agis:

96 701 189 760 Proin
205 708 239 760 tu
254 708 294 775 te,
310 701 420 760 itidem
434 707 470 761 ut
484 701 698 761 charmidatus
714 702 756 775 e'S,
771 720 895 761 rursum
909 702 1111 762 recharmida.

94 799 153 858 Cn.
199 796 276 868 Quis
295 817 352 875 ego
371 817 440 859 sum
455 798 561 874 igitur,
578 798 605 857 si
626 797 753 875 quidem
773 799 800 858 is
817 817 880 857 non
897 818 965 858 sum
981 798 1036 874 qui
1050 803 1145 860 sum?

647 896 700 955 Se.
744 895 826 965 Quid
840 895 873 954 id
887 895 927 955 ad
943 914 991 955 me
1005 897 1145 958 attinet?

94 989 178 1051 de
191 990 246 1050 ssle
262 1010 300 1050 ne
315 991 359 1052 sis
374 1011 465 1068 quem
481 993 537 1067 ego
552 999 619 1052 esse
633 990 715 1067 nolo,
731 990 775 1052 sis
790 1010 859 1052 mea
872 1010 967 1051 eausa
980 992 1035 1069 qui
1049 992 1143 1054 lubet.

93 1089 186 1148 Prius
211 1108 274 1147 non
297 1089 326 1149 is
348 1107 417 1149 eras
441 1084 496 1167 qui
521 1108 605 1149 eras:
629 1107 712 1149 nune
732 1088 761 1148 is
782 1088 895 1149 faotu’s
919 1089 1060 1167 quitum
1081 1093 1144 1151 n6n

1067 1207 1142 1249 eras.
1157 1204 1203 1262 980

94 1282 151 1342 On.
194 1264 261 1358 dge
278 1283 304 1343 si
319 1283 396 1360 quid
410 1283 486 1359 agis.
550 1284 603 1343 ΞΥ.
641 1282 723 1354 Quid
737 1303 793 1360 ego
808 1286 923 1359 agam?
986 1285 1045 1346 en.
1083 1287 1145 1346 Au-

503 1401 572 1440 rum
587 1380 690 1441 redde.
753 1381 808 1440 Sa.
853 1381 1023 1457 Dormitas,
1040 1401 1143 1443 senex.

93 1476 152 1535 CH.
194 1477 319 1536 Fassu's
331 1475 530 1536 Charmidem
547 1477 670 1538 dedisse
685 1475 794 1537 aurdm
809 1476 877 1537 tibi.
947 1478 1000 1537 SY.
1045 1479 1146 1557 Seria

921 1573 990 1633 tdm
1004 1576 1140 1651 quidem.

93 1669 150 1728 CH.
194 1670 346 1747 Prdperas
366 1689 406 1730 an
422 1690 486 1730 non
503 1672 650 1748 prdperas
668 1671 713 1730 ire
730 1670 870 1731 aetdtum
888 1672 927 1731 ab
946 1671 997 1731 his
1013 1673 1144 1747 regidni-

1074 1770 1141 1846 bus,

92 1863 295 1937 Ddrmitator,
310 1862 398 1941 prius
413 1883 505 1941 quam
521 1883 579 1939 ego
593 1863 645 1922 hie
659 1869 690 1923 te
705 1863 796 1924 idbeo
811 1864 942 1924 mulcari
956 1865 1061 1925 made?

94 1959 146 2018 SY.
189 1961 288 2030 Quam
309 1960 348 2019 db
370 1963 463 2020 rem?
525 1961 584 2020 CH.
626 1960 706 2030 Quia
732 1961 822 2019 sslum
852 1980 944 2037 quem
972 1962 1141 2024 ementitus

644 2057 676 2116 es
692 2075 747 2132 ego
763 2076 829 2116 sum
847 2057 935 2135 ipsus
950 2058 1140 2135 Charmides,
1154 2071 1198 2129 985

92 2152 189 2221 Que'm
210 2153 269 2212 tibi
292 2152 443 2230 epistulas
461 2153 584 2212 dedisse
606 2152 719 2213 aiebas,
783 2153 836 2212 sv.
879 2153 958 2230 Eho,
973 2174 1087 2232 quaeso
1102 2157 1142 2215 an

989 2253 1141 2314 mssoe?

91 2347 148 2406 Cn.
192 2328 224 2406 fs
239 2347 322 2406 enim
337 2366 410 2406 uero
426 2366 504 2407 sum.
570 2347 624 2407 sy,
666 2347 730 2406 Ain
744 2354 779 2407 tu
793 2348 946 2408 tandem?
988 2349 1022 2409 Is
1043 2348 1142 2427 ipsus-

467 2463 506 2503 ne
522 2446 581 2503 es?
643 2445 700 2504 CH.
744 2445 814 2505 Aio.
877 2446 930 2505 SY.
974 2427 1066 2523 fpsus
1081 2449 1140 2507 es?

90 2541 147 2600 Cn.
190 2523 292 2619 spsus
317 2542 455 2618 inquam,
481 2540 663 2602 Charmides
693 2561 771 2600 sum.
838 2543 890 2602 SY.
932 2543 1016 2617 Ergo
1043 2542 1142 2621 ipsus·

661 2657 699 2696 ne
714 2641 771 2699 es?
835 2640 893 2700 Cn.
935 2639 1136 2717 Ipsissumus.

88 2718 173 2794 Abin
197 2735 272 2795 hine
295 2736 334 2796 ab
361 2735 485 2796 oeulis?
548 2734 602 2796 ss.
645 2736 738 2794 En1m
764 2755 839 2796 uero
866 2737 963 2796 serio:
993 2737 1139 2814 quoniam

953 2834 1141 2911 aduenis—

89 2930 261 3007 Vapulabis
275 2930 345 2989 meo
360 2928 512 2990 arbitratu
541 2929 546 3012 Ι
575 2930 607 2989 et
619 2949 769 2989 nouorum
785 2929 942 2990 aedilium.
1152 2957 1197 3001 990

89 3027 147 3087 On.
190 3010 234 3086 dt
262 3027 356 3086 etiam
384 3026 571 3087 maledicis?
634 3026 688 3085 SY.
730 3027 841 3102 Immo,
870 3028 973 3088 saluos
1004 3029 1140 3106 quande

820 3125 945 3200 quidem
959 3125 1140 3184 aduenis—

88 3219 131 3278 Di
145 3226 176 3280 te
191 3221 332 3299 perdant,
348 3220 376 3280 si
389 3226 421 3280 te
434 3219 524 3281 flocci
538 3221 621 3281 faeie
635 3240 675 3280 an
691 3220 837 3298 periisses
853 3222 947 3298 prius.

89 3301 155 3393 Ego
171 3318 210 3377 0b
225 3318 305 3378 hane
323 3335 448 3394 operam
466 3319 629 3393 argentum
644 3318 766 3395 aecepi:
790 3318 822 3377 te
837 3324 938 3377 macto
954 3316 1136 3378 infortfinio.

88 3416 232 3474 Ceterum
248 3414 302 3491 qui
318 3413 370 3487 sis,
386 3413 518 3490 quinon
533 3415 585 3489 sis,
600 3413 728 3474 fideeum
745 3433 807 3473 non
824 3414 1003 3474 interduim.

88 3494 144 3570 {bo
159 3512 198 3570 ad
212 3510 312 3586 Illum,
327 3509 514 3570 rendntiabo
529 3509 584 3587 qui
598 3509 677 3569 mihi
690 3510 750 3571 tris
764 3511 907 3570 nummds
921 3511 1019 3586 dedit,
1150 3536 1194 3585 995
