2566 3946
131 205 172 268 16
468 219 604 267 rnnvrr
627 217 848 268 ‘raruvuuvs

131 389 203 448 Neu
231 407 267 452 co
293 389 369 448 haec
391 388 469 464 dico,
485 388 560 466 quin
582 408 661 467 quae
683 395 719 449 tu
739 389 790 448 uis
811 390 867 466 ego
888 389 983 449 uelim
1007 395 1038 450 et
1065 389 1181 450 faciem

1049 486 1180 548 lubens:

132 582 194 643 Sed
212 602 269 658 ego
291 582 350 642 hoc
370 584 498 642 uerbum
520 585 613 661 quem
635 583 685 642 illi
702 581 847 660 quoidam
871 583 950 659 dico,
965 584 1182 661 praemonstre

1111 679 1180 756 tibi,

132 761 176 838 Vt
189 776 236 838 ita
249 784 281 838 te
295 776 426 838 aliorrirn
441 778 629 851 miserescat,
645 777 684 836 ne
699 777 741 837 tis
756 777 833 838 alios
849 776 1003 838 misereat.

132 874 191 934 Lu.
233 875 384 934 Deserere
399 874 488 933 illurn
506 881 537 933 et
552 874 745 933 deiuuarein
761 875 852 934 rebus
867 874 1009 935 aduorsis
1023 875 1129 953 pudet.
1159 872 1162 877 ’

75 993 118 1041 345
131 972 191 1030 ΡΗ.
234 971 292 1030 Pel
307 972 424 1048 pudere
438 971 530 1047 quern
546 970 651 1048 pigere
667 973 805 1048 praestat
819 971 950 1030 totidem
965 970 1090 1032 litteris.

131 1068 190 1127 Lu.
234 1051 355 1145 Edepol
383 1068 476 1126 deum
504 1066 622 1126 uirtr'rtc
650 1067 761 1141 dicam,
791 1068 889 1144 peter,
918 1075 950 1126 et
971 1067 1123 1127 maiorum
1151 1070 1183 1128 et

1128 1170 1184 1225 tua

132 1260 235 1321 Merita
247 1261 329 1321 bona
342 1262 420 1321 bene
435 1262 526 1338 perta
539 1261 706 1320 habemus:
728 1261 807 1320 benc
823 1261 848 1321 si
864 1260 964 1320 arnico
978 1260 1101 1337 feceris,
1168 1269 1169 1273 ’

131 1358 181 1418 Ne
196 1359 301 1436 pigeat
316 1357 445 1417 fecisse:
469 1364 505 1417 ut
520 1358 624 1434 potius
640 1357 765 1434 pr‘rdeat,
782 1357 809 1417 si
823 1377 884 1416 non
900 1359 1022 1418 feceris.

131 1455 191 1514 ΡΗ.
235 1456 281 1513 De
303 1455 424 1530 magnis
445 1453 568 1513 diuitiis
583 1454 610 1512 si
625 1454 701 1530 quid
716 1454 830 1527 demas,
847 1455 918 1531 pius
939 1454 976 1513 fit
997 1454 1036 1514 en
1052 1453 1183 1515 minus?

131 1552 192 1610 Lu.
237 1551 352 1625 Minus,
381 1557 486 1627 pater:
517 1551 570 1609 scd
603 1549 665 1608 ciui
695 1549 827 1609 immuni
856 1549 921 1610 scin
951 1550 1028 1627 quid
1063 1551 1184 1611 cantari

74 1678 120 1726 350
1075 1648 1183 1708 solet?

132 1746 239 1816 ‘Qued
261 1744 357 1804 habes
385 1751 424 1804 ne
452 1744 566 1804 haberis
596 1749 627 1803 et
646 1743 723 1803 Illuc
745 1744 827 1821 quod
849 1745 911 1803 nen
933 1724 1029 1804 habes
1056 1724 1183 1820 habedic,

1054 1841 1182 1917 malurn,

132 1939 388 2016 Quendoquidem
405 1958 461 1998 neo
475 1938 534 1999 tstri
549 1939 627 1998 bene
642 1958 710 1998 esse
724 1939 796 2016 pete
812 1937 878 2015 pati
893 1957 993 2014 neque
1009 1936 1120 1998 elteri!

131 2036 192 2096 ΡΗ,
236 2036 306 2096 Scio
327 2036 470 2112 equidem
486 2037 567 2096 istuc
589 2035 634 2096 ita
655 2036 754 2095 solere
775 2035 864 2095 fieri:
887 2053 1005 2109 uerurn,
1021 2034 1113 2110 gnete
1127 2032 1183 2111 mi,

131 2114 164 2193 fs
180 2138 228 2192 est
242 2133 390 2191 irnmunis
406 2131 481 2210 quoi
494 2132 539 2191 nil
556 2138 604 2191 est
619 2132 692 2208 quoi
707 2131 819 2191 mimus
833 2130 985 2206 fungatur
1000 2149 1095 2190 suom.
1108 2154 1112 2160 ¹

74 2257 118 2306 355
131 2230 190 2288 ΙΝ.
232 2228 333 2287 Derim
349 2228 466 2287 uirtute
481 2229 630 2288 habemus
646 2229 746 2306 etqui
762 2229 883 2287 nesmet
897 2226 1031 2303 utamrir,
1047 2233 1146 2306 pater,

131 2309 175 2384 Et
189 2325 260 2385 aliis
275 2325 330 2402 qui
344 2325 484 2384 cemitati
501 2324 598 2383 simus
613 2324 878 2384 beneuolentibus,

131 2423 192 2482 ΡΗ.
234 2422 307 2481 Nen
334 2421 444 2498 edepol
472 2420 531 2480 tibi
559 2421 727 2498 pernegare
755 2422 880 2498 p6ssum
909 2421 1077 2498 quicquam
1098 2421 1182 2499 qued

1083 2516 1181 2579 uelis:

131 2615 248 2686 Queius
263 2616 433 2690 egestatem
447 2615 579 2675 tolerare
594 2613 667 2674 uis?
711 2616 852 2692 Loquere
867 2615 1013 2674 audacter
1027 2612 1119 2693 patri.

130 2713 190 2771 Lr.
233 2712 405 2772 Lesbonico
419 2712 492 2771 huic
506 2711 708 2786 edulescenti,
725 2712 904 2771 Cherrnidai
919 2710 999 2786 filio,

130 2810 191 2880 Qui
207 2808 417 2868 sslichabitat.
481 2810 540 2867 ΡΗ.
583 2807 665 2878 Quin
686 2809 821 2867 comedit
835 2809 918 2885 qued
933 2807 1004 2883 fuit,
1020 2808 1104 2886 quod
1117 2809 1182 2868 nen

75 2933 119 2991 3⁶0
1090 2904 1181 2965 fuit?

131 3004 191 3064 Lu.
232 3004 282 3063 Ne
297 3003 458 3081 epprobra,
475 3008 580 3080 pater:
605 3000 704 3062 nnilta
712 3001 863 3061 eueniunt
874 3001 994 3061 hemini
1009 3019 1088 3079 quae
1103 3001 1180 3078 uolt,

629 3117 633 3125 ·
966 3099 1045 3176 quae
1059 3097 1178 3159 neuolt.

131 3200 193 3258 Pu.
237 3197 373 3258 Mentire
387 3196 506 3275 edepol,
522 3196 623 3274 guete,
639 3202 733 3273 atque
755 3197 787 3256 id
809 3215 892 3255 nunc
913 3195 992 3256 fecis
1014 3195 1098 3255 haud
1112 3213 1181 3255 con·

1004 3291 1179 3352 suetudine.

130 3393 212 3452 Nem
229 3392 353 3470 sapiens
369 3392 495 3468 quidem
511 3390 562 3468 po]
578 3391 665 3468 ipsus
679 3390 776 3466 fingit
792 3392 949 3450 fortunern
966 3389 1044 3449 sibi:

130 3491 177 3549 Εό
191 3508 253 3548 non
268 3488 368 3548 muita
382 3489 461 3566 quae
476 3487 582 3547 neuclt
596 3487 754 3562 eueniunt,
770 3486 832 3547 nisi
847 3487 935 3545 ficter
950 3486 1076 3546 nralust.
