2528 4134
54 258 61 270 .
122 210 141 272 8
457 218 592 269 PLAVTI
614 215 835 268 TRINVMMVS

121 393 232 471 Neque
247 393 286 453 de
301 390 357 452 sslo
372 391 540 471 quicquam
555 391 655 467 neque
670 408 788 450 emeres
803 407 903 467 neque
918 389 1078 464 uenderes,

68 491 188 564 135¹Nec
203 489 406 568 quirdeterior
421 490 504 549 esset
519 488 638 548 faceres
653 487 785 565 cepiama

123 587 360 655 Incenoiliastin
375 585 443 646 er'nn
459 585 515 663 qui
529 583 710 645 mandatdst
725 584 793 659 tibi,
855 600 858 606 ·

123 686 181 744 Ille
196 684 251 763 qui
265 683 436 759 mandauit,
452 682 521 742 eum
537 681 711 742 exturbasti
726 699 764 740 ex
778 680 935 741 aedibus?
979 725 981 730 ,

122 782 241 860 Edepdl
258 781 439 841 mandatum
454 778 583 857 pdlchre
597 785 630 838 ct
644 777 785 838 curatum
800 778 912 856 probel

122 881 220 941 Crede
235 877 307 937 huic
321 877 474 937 tutelam:
490 867 577 937 suern
592 875 704 936 melius
719 894 781 934 rem
798 874 937 951 gesserit.

67 1012 110 1058 140
123 978 180 1037 Cn.
223 974 347 1051 Subigis
362 973 538 1035 maledictis
552 973 601 1033 me
616 975 689 1047 tuis,
705 972 932 1048 Megardnides,

122 1075 213 1133 Neue
228 1074 320 1132 modo
333 1073 410 1132 adeo
424 1077 460 1131 ut
474 1071 557 1149 qued
572 1089 658 1131 meae
672 1069 916 1130 concreditumst

95 1181 103 1216 ¹
123 1170 344 1230 Tacitdrnitati
359 1169 449 1245 clem,
464 1168 526 1228 fide
540 1174 572 1228 et
585 1166 726 1243 fiddoiae‚

122 1269 171 1327 Ne
186 1266 379 1327 endntiarem
395 1265 564 1344 quoiquam
578 1284 639 1325 nen
653 1265 787 1326 facerem
803 1263 916 1342 palam,

122 1366 165 1426 Vt
181 1364 259 1423 mihi
274 1383 398 1424 necesse
414 1362 531 1424 sitiam
547 1362 579 1422 id
593 1362 653 1422 tibi
667 1362 858 1422 concredere.

69 1495 109 1541 145
124 1463 187 1521 Mn.
231 1461 311 1519 Mihi
327 1461 409 1538 qued
425 1459 605 1534 credideris,
621 1457 724 1519 semes
738 1459 793 1518 ubi
808 1457 971 1537 posiueris.

123 1561 179 1618 Cn.
224 1556 509 1634 Circrimspicedurn
525 1562 565 1632 te,
580 1557 620 1616 ne
634 1556 705 1635 quis
719 1555 803 1616 adsit
817 1556 934 1616 erbiter

124 1654 232 1729 Nobis,
247 1661 279 1714 et
294 1673 409 1732 quaeso
423 1653 595 1713 identidem
607 1650 818 1736 circumspice.

125 1754 187 1811 Mn.
230 1750 422 1811 Auscr‘ritosi
437 1750 512 1828 quid
527 1748 623 1811 dices.
685 1750 742 1811 er.
785 1749 820 1810 Si
833 1751 946 1825 tacees,
961 1750 1081 1829 loquar.

123 1849 274 1918 Quoniam
289 1847 363 1908 hino
378 1854 425 1907 eet
440 1846 638 1926 profectr‘rrus
652 1866 780 1925 peregre
795 1847 988 1922 Chermides,

69 1945 337 2024 150'l'hensar‘1rum
353 1944 582 2005 demonstreuit
592 1943 671 2003 mihi
686 1944 719 2002 in
734 1943 819 2004 hisce
833 1944 971 2019 aedibus,

125 2041 233 2102 Hicin
248 2041 388 2101 conclaui
403 2040 586 2119 quedam-
597 2041 652 2102 sed
668 2040 869 2118 oircdmspice
880 2076 921 2085 —

124 2141 187 2198 Mn.
222 2140 362 2199 Nemest.
406 2139 718 2198 (ln-nummorum
734 2136 1169 2215 Philippeumadtriamssia.

124 2237 161 2295 Id
177 2235 261 2296 seius
276 2236 378 2295 solum
392 2236 447 2313 per
461 2234 630 2294 amicitiam
647 2239 678 2293 et
693 2234 854 2313 perfidem

124 2333 217 2394 Flens
232 2352 281 2392 me
295 2331 471 2393 ebsecrauit
486 2332 542 2392 sud
556 2349 595 2391 ne
611 2338 705 2407 gnato
720 2331 877 2390 crederem

69 2459 109 2505 ¹55
124 2432 194 2489 Neu
209 2428 387 2507 quoiquam,
402 2429 485 2490 unde
499 2428 539 2488 ed
554 2447 624 2488 eum
640 2428 674 2487 id
685 2428 793 2506 pesset
806 2427 1051 2505 permanescere.

123 2527 215 2586 Nunc
231 2527 257 2587 si
273 2526 327 2587 ssle
339 2527 400 2586 huc
415 2526 519 2587 saluos
534 2527 664 2600 reuenit,
680 2525 807 2585 reddam
822 2526 910 2585 suem
925 2523 1003 2586 sibi:

125 2625 158 2683 si
173 2623 249 2701 quid
264 2643 299 2683 eo
313 2624 420 2699 fuerit,
435 2624 518 2684 certe
533 2622 620 2683 illius
634 2622 723 2683 fssiae

123 2721 207 2792 Quae
223 2720 301 2779 mihi
316 2721 503 2796 mandatast,
518 2719 617 2780 hebeo
632 2720 736 2780 dotem
754 2718 759 2803 Ι
777 2719 859 2780 dnde
874 2720 955 2796 dem,

123 2818 166 2876 Vt
180 2836 248 2876 earn
263 2816 295 2875 in
311 2836 344 2877 se
358 2817 485 2894 dignam
500 2818 713 2878 cendicionem
727 2817 892 2878 cenlocem.

67 2929 110 2974 160
123 2916 186 2973 Mn.
229 2916 291 2973 Pro
305 2915 338 2973 di
353 2914 553 2991 immortales,
568 2915 672 2976 uerbis
687 2915 793 2993 paucis
808 2915 901 2992 quem
916 2913 980 2974 cito

122 3011 230 3070 Alir'nn
245 3012 350 3072 fecisti
364 3015 430 3073 me!
472 2996 564 3074 rilins
579 3013 618 3076 ad
633 3018 664 3072 te
679 3013 833 3072 ueneram.
1084 2997 1088 3006 ¹

124 3110 183 3168 Sed
199 3115 233 3168 ut
247 3110 404 3187 decepisti,
419 3111 512 3189 perge
527 3129 620 3189 porro
634 3110 786 3189 preloqui.

122 3207 181 3266 Cn.
225 3207 306 3276 Quid
320 3206 380 3267 tsbi
394 3226 451 3284 ego
465 3208 576 3283 dicam,
592 3208 646 3285 qui
660 3207 748 3267 sslius
763 3205 950 3284 sapientiem

122 3305 163 3364 Et
178 3306 277 3364 meem
293 3305 478 3366 fidelitetem
492 3312 524 3366 et
537 3306 638 3366 celate
652 3306 756 3366 emnia

65 3413 107 3470 165
122 3403 224 3461 Paene
239 3401 294 3461 ille
309 3403 439 3479 ignauos
454 3401 599 3464 funditus
614 3403 740 3480 possem
755 3402 868 3462 dedit?

121 3500 184 3558 Mn.
227 3498 386 3570 Quidum?
428 3501 485 3562 On.
527 3499 615 3575 Quia,
627 3500 692 3559 ruri
703 3499 776 3561 dr'un
789 3519 856 3561 sum
869 3518 925 3576 ego
935 3517 1013 3560 unos
1025 3497 1080 3560 sex
1091 3497 1168 3575 dies,¹
