2566 3946
159 243 200 306 32
496 256 632 305 rnnvrr
655 254 876 306 rnmvnuvs

158 428 236 488 Post
250 428 343 488 edcas
358 433 426 488 tute
441 427 619 487 Philtonem
636 433 667 486 et
682 427 784 486 dotem
800 426 874 487 dare

158 526 203 584 Te
217 525 246 584 ei
260 524 363 601 dioas;
387 525 489 584 facere
504 525 537 583 id
552 524 618 584 cius
633 525 672 583 ob
687 524 856 583 amicitiem
871 523 980 602 patris.

158 623 274 683 Verum
290 622 347 681 hec
362 641 418 698 ego
433 641 549 696 uereor,
564 641 603 680 nc
618 621 715 681 istaec
729 620 918 699 pollicitetio

158 721 203 778 Te
216 719 250 777 in
266 718 381 778 crimen
396 719 511 796 populo
523 720 618 796 penat
632 725 726 794 atquc
743 718 916 779 inferniam.

101 846 146 890 740
158 817 230 874 Non
245 817 360 875 temere
375 816 481 874 dicant
496 817 527 874 te
542 815 710 892 benignum
724 814 856 891 uirgini:

158 913 271 972 Data'm
286 913 345 972 tibi
360 913 474 987 dotem,
490 913 519 970 ei
534 913 627 990 quern
643 913 743 987 darm,
760 912 825 972 eius
840 913 859 972 e
872 917 978 992 petre:

157 1010 207 1067 Ex
222 1010 258 1069 ee
271 1009 380 1094 largiri
394 1016 426 1069 te
441 1008 498 1085 illi,
515 1028 615 1086 neque
631 1009 677 1068 ita
690 1015 727 1068 ut
742 1009 783 1069 sit
798 1011 873 1069 data

158 1106 318 1166 Columem
333 1113 363 1166 te
379 1107 489 1167 sistere
504 1107 562 1182 illi,
577 1116 609 1168 et
624 1107 754 1166 detraxe·
765 1106 936 1166 airtument.

157 1204 250 1262 Nunc
265 1204 292 1263 si
306 1204 443 1280 epperiri
458 1203 506 1263 uis
521 1205 690 1263 aduentum
706 1204 874 1279 Cha'rmidi,

100 1309 143 1357 745
157 1300 396 1376 Perlengumst:
418 1301 492 1360 huic
507 1301 641 1360 ducendi
657 1301 777 1360 interea
791 1300 976 1360 abscesserit

158 1396 296 1472 Lubid03
320 1405 413 1474 atque
428 1417 464 1456 ea
478 1397 619 1456 condicio
633 1397 706 1456 huic
721 1398 771 1456 uel
787 1398 975 1474 primeriast.

158 1494 215 1553 Cn.
256 1495 339 1553 Nam
354 1494 457 1553 hercle
472 1494 577 1552 emnia
592 1493 689 1553 istaec
703 1494 835 1552 ueniunt
850 1494 882 1552 in
898 1494 1033 1552 mentem
1048 1492 1136 1554 mihi.

157 1590 238 1651 Vide
254 1590 281 1650 si
295 1591 353 1650 hec
367 1590 478 1649 utibile
494 1591 592 1666 megia
608 1596 701 1666 atque
716 1591 749 1647 in
764 1609 829 1648 rem
845 1591 985 1667 deputaa

158 1688 266 1765 Ipsum
280 1688 388 1747 edeam
405 1688 620 1760 Lesbonicum,
636 1689 778 1746 edoceam
795 1688 892 1746 utres
907 1686 1057 1747 sehabet

100 1810 145 1858 750
158 1768 219 1843 Sed
233 1790 269 1843 ut
283 1785 339 1861 ego
354 1803 436 1843 nunc
451 1784 645 1844 adulescenti
661 1784 864 1843 thensaurum
880 1782 1014 1842 indicem

157 1882 324 1955 Indemit0,
341 1882 433 1959 pleno
447 1881 561 1941 ameris
576 1900 611 1940 ac
626 1880 801 1940 lasciuiae?

157 1978 305 2054 Minume,
322 1978 458 2038 minume
473 1979 577 2038 hercle
591 1980 673 2038 uero.
716 1980 796 2037 Nam
815 1979 898 2037 certe
913 1976 986 2052 scio,

156 2073 273 2134 Locrim
288 2095 410 2152 quoque
427 2075 515 2134 illum
531 2096 654 2135 omnem
668 2075 722 2135 ribi
737 2076 832 2135 situst
847 2075 1032 2152 comederit3

156 2172 254 2242 Quem
269 2172 376 2232 federe
391 2179 504 2247 mctu0‚
520 2173 655 2232 senitnm
671 2192 709 2232 ne
724 2173 778 2230 ille
793 2170 940 2231 exandiat

99 2292 143 2339 755
156 2270 227 2327 Neu
242 2288 305 2328 rem
321 2269 420 2346 ipsam
436 2270 572 2344 indaget,
588 2271 691 2329 (letam
707 2271 780 2328 dare
795 2269 822 2327 si
837 2268 979 2328 dixerim.

157 2367 221 2425 Mn.
263 2366 330 2436 Quo
343 2367 434 2444 pecto
449 2386 520 2442 ergo
536 2367 634 2442 igitur
649 2368 728 2427 clem
744 2368 799 2426 dos
815 2364 956 2442 depromi
970 2366 1100 2443 potest?

157 2464 214 2524 CA.
255 2464 339 2522 Dum
353 2463 472 2523 occa'sio
487 2464 516 2522 ei
530 2463 576 2523 rei
590 2464 771 2542 reperiatur,
787 2463 912 2522 interim

155 2562 207 2621 Ab
220 2560 320 2620 amico
334 2561 478 2620 alicunde
492 2561 633 2621 nnituom
648 2560 810 2638 argentiim
825 2580 938 2635 rogem.

156 2660 220 2716 Mn.
263 2659 357 2718 Potin
372 2660 420 2718 est
433 2659 472 2718 ab
487 2659 586 2718 amico
600 2658 743 2718 alicunde
758 2658 904 2718 exorari?
967 2658 1023 2718 CA.
1066 2659 1187 2721 Potest.

99 2771 143 2828 760
156 2755 219 2812 Mn.
263 2756 395 2815 Gerrael
437 2757 486 2814 Nc
501 2761 536 2814 tu
546 2756 626 2814 illud
640 2757 769 2814 uerbum
784 2762 923 2814 actutum
940 2755 1113 2815 inueneris:

157 2849 257 2909 ‘Mihi
270 2852 394 2928 quidem
411 2852 514 2911 hercle
530 2854 591 2910 nen
607 2858 654 2911 est
669 2853 752 2928 qnod
767 2853 836 2912 dcrn
853 2850 1011 2910 nnituom.'

156 2950 213 3009 Cn.
256 2949 366 3007 Malim
382 2948 485 3007 hercle
501 2955 536 3007 ut
550 2969 659 3008 uerum
675 2949 760 3008 dicas
776 2969 868 3025 qnam
885 2955 920 3007 ut
934 2950 988 3008 des
1004 2947 1153 3009 mrituom.

93 3108 95 3111 ,
155 3047 220 3104 Mn.
264 3046 324 3105 Sed
337 3045 410 3104 uide
424 3045 588 3105 consilinm
604 3045 631 3105 si
645 3045 754 3122 placet.
820 3047 876 3106 Cn.
919 3045 1002 3115 Quid
1016 3045 1186 3106 censilist?

157 3144 220 3202 Mn.
264 3143 393 3218 Scitum,
407 3141 443 3201 rit
460 3162 516 3217 ego
530 3143 648 3220 opinor,
664 3143 827 3203 censilium
845 3142 960 3202 inueni.
1023 3143 1080 3203 CA.
1122 3143 1207 3213 ouid

1131 3242 1206 3300 est?

99 3352 142 3410 7⁶5
156 3339 220 3397 Mn.
263 3339 366 3405 Homo
382 3339 571 3397 conducatur
585 3337 700 3414 eliqnis
715 3337 786 3410 iarn,
802 3336 952 3414 quantrim
969 3343 1082 3415 potest,

156 3435 251 3505 Quasi
266 3434 308 3494 sit
323 3434 513 3511 peregrinus,
577 3435 633 3494 CA.
676 3434 756 3503 nnio
772 3436 799 3494 is
815 3435 874 3493 scit
889 3436 990 3493 facere
1005 3436 1140 3512 peston?

157 3533 221 3592 Mn.
264 3532 298 3591 Is
312 3531 404 3590 homo
419 3532 584 3591 exornetur
599 3532 745 3608 grephice
761 3532 793 3589 in
810 3530 1005 3608 peregrinirm
1021 3531 1154 3596 modum,
