2566 3946
542 776 647 859 rer
677 775 737 886 ry

572 969 672 1027 Scuur
691 971 706 1025 1

538 1110 738 1171 caremus

348 1239 462 1322 [Emer
485 1239 664 1302 Ohurmidec
678 1243 764 1316 from
785 1242 831 1300 the
850 1241 930 1323 lest]
1026 1261 1028 1264 ·

115 1371 319 1451 Salsspotenti
347 1377 379 1431 et
406 1368 621 1447 multipotenti
658 1370 745 1431 Iouis
772 1369 865 1431 fratri
892 1376 925 1432 et
950 1373 1049 1433 Nere'r'
1080 1374 1165 1453 Nep-

1085 1477 1221 1535 tun0820

114 1565 229 1627 Laetus
253 1566 364 1625 lubens
388 1565 497 1625 laudes
525 1565 583 1640 ago
611 1570 643 1624 et
670 1570 773 1640 grates
801 1565 979 1643 gratiasque
1007 1566 1105 1626 habeo
1132 1576 1163 1628 et

899 1661 1046 1723 fluctibus
1062 1664 1162 1739 salsis,

114 1760 197 1831 Quos
211 1760 306 1838 penes
321 1758 383 1817 mei
390 1761 456 1834 fuit
470 1757 558 1833 rcepc
572 1762 720 1836 potestas,
735 1758 826 1818 bonls
841 1757 918 1818 meis
936 1759 1011 1836 quid
1031 1760 1113 1820 foret
1131 1767 1163 1821 et

364 1901 368 1906 .
969 1857 1054 1916 meae
1068 1857 1161 1933 uitae,

114 1953 214 2023 Quom
233 1951 298 2013 suis
318 1951 390 2011 med
408 1970 447 2011 ex
467 1951 543 2011 locts
563 1950 596 2011 in
618 1951 753 2030 patriam
774 1950 998 2013 saevissumum
1019 1955 1163 2015 reducem

1032 2051 1161 2112 faciunt.

114 2146 219 2225 Atque
239 2146 304 2222 ege,
320 2147 477 2223 Neptune,
494 2144 552 2205 tibi
572 2145 646 2206 ante
664 2144 743 2218 alies
762 2145 836 2206 deos
854 2146 971 2222 gratias
990 2166 1048 2223 ago
1069 2155 1163 2226 atquc

904 2243 1001 2304 habes
1016 2264 1160 2307 summas.

112 2341 197 2402 Nam
211 2347 242 2401 te
256 2342 363 2400 cmnes
379 2340 567 2417 saeuomque
582 2358 785 2418 seuerumque
800 2346 894 2417 atque
909 2341 1011 2401 auidis
1026 2343 1163 2404 moribus

912 2439 1161 2516 ccmmemcrant,
1176 2462 1219 2519 825

115 2533 329 2614 Spurcificum‚
346 2533 522 2606 immanem,
543 2531 783 2610 int6lerandum,
798 2535 966 2594 uesanum:
988 2542 1164 2612 egccoutra

185 2641 188 2645 ·
898 2651 991 2710 opera
1006 2634 1161 2712 expertus.

112 2730 195 2790 Nam
216 2729 268 2809 pcl
287 2727 412 2807 placido
428 2733 460 2788 te
477 2732 511 2787 et
529 2727 675 2788 clementi
694 2746 763 2788 meo
779 2729 878 2806 usque
897 2730 997 2805 modo,
1012 2737 1048 2790 ut
1067 2731 1162 2808 uolui,

868 2825 943 2887 usr'rs
958 2847 1025 2888 sum
1041 2828 1074 2887 in
1088 2828 1161 2889 alto.

113 2922 220 3000 Atque
239 2923 320 2982 hanc
342 2928 429 2982 tuam
452 2920 584 2998 gloriam
604 2921 669 2982 iam
691 2921 765 2982 ante
784 2922 911 2985 auribus
931 2925 1116 3001 acceperam,
1132 2930 1164 2985 et

764 3018 903 3081 nobilest
914 3021 997 3097 apud
1012 3021 1163 3082 homines.

113 3116 308 3195 Pauperibus
332 3121 363 3176 tc
386 3117 511 3194 parcere
532 3115 670 3192 solitum,
687 3115 804 3177 divites
825 3116 973 3176 damnare
996 3119 1090 3196 atque
1111 3118 1163 3178 do-

1069 3234 1162 3276 mare.

114 3310 185 3386 Abs,
200 3309 309 3370 laudo:
333 3310 393 3372 scis
408 3310 526 3388 ordine,
541 3316 578 3372 ut
592 3316 764 3390 aequomst,
776 3311 911 3372 tractare
926 3310 1083 3372 homines:
1106 3312 1164 3373 hcc

921 3407 971 3469 dis
985 3409 1163 3485 dignumst:
1177 3424 1222 3484 830

113 3502 243 3582 Semper
257 3504 408 3566 mendicis
423 3504 557 3566 mcdesti
571 3506 644 3566 sint.

625 3601 658 3653 35
