2566 3946
451 254 587 304 rnAvrr
608 253 830 302 ruruvnnvs
1123 239 1162 304 37

114 429 224 490 Dicam
239 430 278 489 ab
296 446 332 488 eo
348 427 475 487 homine
492 445 542 486 me
560 426 725 504 decepisse,
741 443 833 503 quem
855 425 912 500 e‘go
933 424 987 502 qui
1010 423 1052 484 sit
1072 423 1165 484 homo

1060 521 1165 581 nescio

113 624 225 701 Neque
239 623 323 698 noui,
338 641 439 700 neque
453 623 548 681 natus
561 640 659 680 necne
674 621 702 680 is
716 619 814 679 fierit
829 620 862 678 id
878 618 977 679 solide
992 617 1063 678 scio.
1177 639 1223 698 ⁸⁵⁰

114 722 172 782 Cn.
219 721 276 780 Pel
308 718 488 796 hicquidem
516 718 650 794 fungino
678 725 837 794 generest:
872 716 975 794 capite
1004 734 1037 775 se
1063 713 1164 775 totum

1076 811 1164 888 tegit

115 914 259 973 Hilurica
273 914 371 974 facie‘s
385 913 511 973 uidetur
525 911 678 972 hominis:
701 931 737 971 eo
751 917 862 971 ornatu
877 909 1014 970 aduenit.

116 1012 169 1071 Sr.
215 993 274 1070 flle
290 1010 344 1087 qui
360 1028 409 1069 me
424 1007 584 1083 conduxit,
600 1009 653 1068 ubi
669 1007 828 1081 conduxit,
843 1007 976 1067 abduxit
991 1008 1125 1067 domum.

115 1109 199 1178 Quae
214 1107 315 1166 uoluit
331 1106 409 1165 mihi
423 1106 513 1179 dixit,
530 1105 636 1165 docuit
650 1106 681 1164 et
696 1103 959 1183 praemonstrauit
972 1105 1060 1181 prius

115 1205 181 1274 Quo
192 1203 283 1262 modo
295 1203 434 1281 quidque
445 1203 577 1278 agere'm.
616 1204 710 1262 Nunc
725 1203 801 1261 adeo
816 1201 930 1280 siquid
945 1220 1002 1278 ego
1017 1201 1167 1261 addidero

1021 1298 1166 1377 amplius,
1180 1309 1223 1366 855

115 1381 162 1458 Eo
177 1399 346 1458 conductor
360 1397 473 1459 melius
488 1398 526 1457 de
540 1418 589 1458 me
604 1396 701 1473 uirgas
717 1397 941 1458 conciliauerit.
1031 1474 1034 1478 ι
1117 1466 1121 1476 ἢ

115 1479 159 1557 Vt
171 1497 227 1556 Ille
241 1516 291 1554 me
305 1496 479 1570 exornauit,
495 1495 540 1554 ita
555 1515 624 1555 sum
638 1496 784 1554 ornatus:
806 1500 968 1570 argentum
977 1476 1143 1579 1111111111.

115 1577 188 1671 lpse
203 1597 385 1652 ornamenta
400 1593 418 1651 a
432 1593 566 1667 chorago
581 1593 658 1651 haec
673 1591 807 1668 sdrnpsit
821 1611 877 1651 suo
893 1576 1057 1669 periculo:⁴

116 1689 208 1750 Nunc
223 1709 279 1764 ego
296 1688 323 1748 si
338 1696 446 1767 potero
461 1689 653 1748 ornamentis
668 1688 826 1747 homiuem
841 1687 1079 1762 circumddcere,

117 1787 205 1846 Dabo
227 1804 352 1863 operam
378 1774 421 1845 ut
439 1805 488 1845 me
512 1805 579 1845 esse
605 1785 708 1862 ipsum
734 1785 826 1862 plane
853 1785 1078 1866 sycophantam
1103 1785 1170 1844 sen·

1099 1881 1226 1949 tiataso

118 1982 176 2042 Cn.
218 1980 319 2050 Quam
344 1979 444 2055 magis
470 1984 585 2058 specte,
607 1978 710 2039 minus
735 1979 838 2057 placet
861 1979 905 2038 mi
929 1979 1005 2038 haec
1033 1976 1168 2037 hominis

850 2072 972 2135 facies.⁴
999 2074 1081 2134 Mira
1096 2078 1170 2133 sunt

117 2175 161 2233 Ni
176 2172 243 2232 illic
257 2174 381 2233 homost
395 2179 450 2233 aut
464 2173 650 2233 dormitator
663 2173 718 2233 adt
733 2180 833 2234 sector
847 2173 999 2233 nonarius.

118 2272 200 2330 Loca
215 2270 415 2348 contemplat,
431 2257 671 2348 circumspectat
685 2272 752 2330 se‘se
768 2278 861 2346 atque
876 2269 961 2330 aedis
976 2269 1119 2329 adsultat.

118 2368 217 2428 Credo
232 2367 350 2443 edepol,
367 2387 429 2444 quo
443 2369 515 2427 mox
530 2367 670 2426 furatum
686 2368 801 2438 ueniat,
819 2365 996 2444 speculatrir
1011 2366 1085 2425 loca.

119 2464 221 2540 Magis
234 2463 373 2523 lubidost
384 2465 549 2542 opseruare
562 2463 639 2540 quid
651 2471 739 2538 agat:
763 2463 792 2522 ei
804 2463 847 2522 rei
860 2464 983 2540 operam
996 2463 1083 2522 dabo
1182 2478 1227 2538 865

120 2562 173 2621 Sr.
216 2561 284 2619 Has
304 2561 446 2636 regiones
464 2561 692 2621 demonstrauit
710 2561 789 2619 mihi
806 2561 860 2620 llle
882 2562 1050 2620 conductor
1064 2578 1168 2620 meus:

119 2653 213 2735 Apud
228 2657 301 2716 illas
316 2656 402 2718 aedis
418 2657 577 2717 sistendae
592 2657 671 2716 mihi
686 2664 760 2718 sunt
774 2658 1007 2736 sycophantiae.

119 2756 213 2833 Fores
241 2754 380 2831 pultabo.
412 2763 414 2766 ⁴
444 2756 503 2816 011.
548 2754 598 2814 Ad
619 2756 742 2815 ndstras
766 2754 853 2815 aedis
876 2754 1055 2832 hicquidem
1076 2754 1172 2814 habet

93 2858 98 2870 ⁴
938 2854 1053 2912 rectam
1068 2853 1169 2912 uiam:

120 2949 234 3008 Hercle
246 2949 356 3027 opinor
371 2949 414 3008 mi
429 2947 610 3009 aduenienti
625 2947 684 3008 hac
698 2949 792 3008 ndctu
806 2949 1021 3026 agitandumst
1035 2949 1169 3025 uigilias.

121 3046 174 3105 Sr.
216 3028 346 3123 dperite
367 3047 435 3122 hoc,
457 3045 586 3124 aperite.
630 3047 729 3122 Heus,
752 3047 858 3124 ecquis
880 3046 930 3106 his
953 3047 1072 3106 foribus
1094 3053 1173 3106 tute

990 3143 1050 3202 lam
1067 3144 1171 3219 gerit?
1185 3156 1229 3212 870

122 3240 180 3300 Cn.
226 3240 316 3315 Quid,
346 3239 537 3315 adulescens,
564 3241 716 3318 quaeris?
758 3241 839 3311 Quid
866 3241 943 3300 uis?
985 3240 1066 3310 Quid
1092 3246 1171 3300 istas

681 3337 812 3414 pultas?
857 3337 910 3396 Su.
953 3335 1052 3410 Heus,
1068 3355 1171 3412 senex,

122 3435 240 3494 Census
256 3453 349 3510 quom
363 3454 439 3508 caru,
456 3433 585 3494 idratori
600 3434 682 3492 recte
699 3433 850 3491 rationem
866 3432 948 3490 dedi.

123 3531 329 3592 Lesbonicum
343 3530 395 3590 hic
408 3529 641 3591 adulescentem
656 3530 771 3608 quaero
785 3529 818 3587 in
833 3528 884 3587 his
899 3527 1076 3604 regidnibus
