2566 3946
134 281 174 346 10
473 293 609 342 runvrr
632 292 852 342 'rnruvuuvs

133 465 191 526 Cu.
232 463 406 543 Numquid,
419 464 505 544 prius
518 483 611 542 quam
623 463 708 540 abeo,
721 465 770 523 mc
781 462 982 541 rogaturu's?
1005 465 1068 523 Mu.
1095 463 1179 526 Vale

160 570 162 573 ’
913 560 1003 640 [Emit
1020 559 1181 644 Calliclem]

133 659 224 719 Nihil
239 660 287 720 est
301 660 443 738 profecto
458 658 587 720 stultius
602 678 702 737 neque
718 658 863 719 stdlidius
1163 724 1165 728 ,

77 784 120 818 200
133 758 243 834 Neque
259 755 528 833 mendaciloquius
542 765 643 833 neque
658 755 802 830 argutum
819 755 918 831 magis
1233 796 1275 871 μ,

132 854 243 930 Neque
258 852 553 929 c6nfidentildquius
568 871 668 930 neque
683 851 833 930 peiiirrius
1203 825 1238 900 l‘

133 951 230 1020 Quam
244 948 357 1009 urbani
371 948 495 1008 adsidui
510 948 604 1023 ciues
621 968 698 1025 quos
714 950 839 1032 spumeis·
848 938 993 1009 uocant.u
1006 942 1085 989 'W

133 1047 238 1124 Atque
253 1048 374 1122 egomet
389 1065 437 1104 me
453 1046 530 1105 adeo
544 1044 614 1105 crim
628 1046 694 1106 ulis
709 1065 771 1106 una
785 1046 902 1105 ibidem
915 1045 1015 1123 trahe,

133 1143 192 1213 Qui
207 1143 332 1203 illdrum
346 1143 449 1202 uerbis
464 1142 555 1202 falsis
569 1143 712 1220 acceptdr
726 1142 784 1216 fui,

76 1271 119 1320 205
132 1240 192 1311 Qui
207 1239 312 1300 omnia
326 1259 358 1299 se
374 1239 524 1299 simulant
539 1239 617 1299 scire
632 1259 732 1316 neque
747 1240 914 1317 quicquam
930 1239 1042 1300 sciunt.

101 1364 103 1367 ·
132 1338 221 1408 Quod
236 1337 367 1414 quisque
382 1337 416 1394 in
430 1336 535 1396 auimo
549 1337 644 1396 habet
659 1343 712 1395 aut
727 1335 906 1396 habiturust
920 1337 1042 1397 sciunt:

134 1435 243 1494 Sciunt
258 1435 291 1493 id
305 1434 389 1511 quod
402 1434 436 1492 iu
451 1453 555 1493 aurem
571 1434 626 1492 rex
641 1434 766 1510 reginae
781 1433 912 1493 dixerit:

134 1531 243 1591 Sciunt
258 1532 340 1608 quod
355 1532 434 1590 lunc
449 1531 623 1591 fibulatast
638 1530 707 1591 ciuu
724 1532 814 1590 Ioue:

133 1629 217 1700 Quae
231 1630 332 1706 neque
346 1629 455 1688 futura
469 1630 569 1706 neque
585 1634 667 1702 sunt,
683 1634 786 1688 tamen
802 1626 852 1687 illi
867 1628 979 1689 sciunt.

76 1747 121 1782 210
133 1725 248 1787 Falsdn
263 1745 303 1784 an
320 1744 392 1785 uero
406 1723 545 1801 laudent,
562 1726 688 1803 culpent
703 1727 795 1803 quem
810 1725 920 1801 uelint,

93 1818 108 1860 Ἰ)
133 1823 206 1882 Nou
219 1821 306 1882 fiduci
321 1823 452 1897 faciunt,
468 1821 540 1881 dirm
556 1823 637 1882 illud
653 1823 734 1900 quod
749 1822 856 1882 lubeat
868 1822 976 1882 sciant.

98 1908 99 1912 ¹
133 1906 249 1980 Omnes
265 1920 410 1980 mortales
426 1919 509 1981 lu'rnc
523 1920 649 1980 aiebant
664 1920 826 1981 Cdlliclem

134 2016 303 2092 Indignum
317 2017 445 2077 ciuitate
460 2019 518 2077 hac
533 2037 600 2104 esse
615 2023 646 2077 et
660 2017 775 2093 uiuere,

133 2113 230 2174 Bonis
245 2114 299 2190 qui
313 2114 397 2174 huuc
411 2114 643 2175 adulescentem
659 2116 826 2176 euertisset
841 2115 915 2176 suis.

76 2231 119 2281 215
133 2212 200 2287 Ego
215 2211 252 2270 de
267 2211 372 2269 etrum
388 2212 492 2271 uerbis
507 2212 763 2288 famigeratorum
778 2211 914 2273 insciens

132 2306 268 2366 Prcrssui
284 2303 417 2366 amicum
433 2308 617 2383 castigatum
632 2308 803 2368 inn6xium.

133 2403 222 2474 Quod
237 2403 264 2463 si
278 2404 460 2481 exquiratur
474 2403 572 2481 iisque
587 2405 626 2465 ab
641 2405 737 2482 stirpe
752 2405 929 2480 auctdritas,

132 2500 223 2561 Vnde
238 2498 392 2578 quidquid
406 2501 548 2561 auditum
563 2500 685 2561 dicant:
708 2501 770 2561 nisi
784 2502 818 2560 id
833 2502 992 2579 appareat,

133 2596 358 2673 Famigeratori
373 2598 422 2657 res
437 2597 479 2657 sit
493 2616 564 2656 cum
579 2598 693 2657 damno
707 2599 739 2657 et
753 2597 852 2658 malo:

57 2699 62 2714 ¹
76 2713 121 2746 220
133 2694 203 2753 Hoc
217 2693 263 2753 ita
277 2693 304 2754 si
319 2694 382 2768 fiat,
399 2694 523 2771 publico
538 2694 593 2754 fiat
607 2694 695 2754 bunc.

132 2789 230 2849 Pauci
245 2789 309 2849 sint
324 2789 422 2849 faxim
438 2789 493 2867 qui
509 2790 609 2850 sciant
623 2792 706 2868 quod
721 2792 873 2867 ne'sciunt,
899 2838 904 2857 ,

133 2885 404 2964 Occlusioremque
420 2887 557 2947 habeant
571 2887 867 2966 stultiloquentiam.

842 2985 933 3066 [Eut
946 2983 1181 3068 Mcpuronidec]
