2566 3946
452 286 588 336 PLAVTI
610 285 833 335 TRINVMMVS

115 457 233 534 Postid,
249 457 399 528 frumenti
415 477 509 535 quom
523 456 599 517 alibi
614 456 726 516 messis
740 455 927 530 maxumast,

113 557 227 615 Tribus
241 555 340 615 tantis
355 554 403 613 illi
418 553 521 614 minus
536 554 619 613 redit
633 572 728 630 quam
743 552 910 612 obseueris.

113 654 174 711 PH.
216 652 275 710 Em
290 651 362 711 istio
377 657 500 728 oportet
515 634 618 710 obserl
632 651 735 709 mores
749 649 857 724 malos

115 748 149 807 si
163 748 196 807 in
211 749 382 808 obserendo
396 748 517 824 possint
532 746 698 807 interfieri.

115 846 164 904 Su.
207 847 319 921 Neque
334 844 481 921 umquam
497 845 706 921 quisquamst,
717 844 829 920 quoius
843 843 910 903 ulio
924 842 998 919 ager
1012 842 1085 919 fuit,
1115 875 1119 884 ·

113 942 196 1012 Quin
211 942 354 1019 pessume
369 941 398 999 ei
413 960 462 1000 res
477 941 625 1000 u6rterit:
649 939 776 1018 quoium
790 939 854 999 fuit

114 1037 181 1097 Alii
195 1039 353 1097 exulatum
370 1038 524 1112 abierunt,
540 1037 596 1096 alii
610 1037 752 1112 emortui,
1177 1053 1221 1102 535

114 1133 182 1193 Alii
196 1154 229 1194 se
244 1135 441 1211 suspendere.
485 1135 543 1192 Em
560 1153 641 1192 nuno
656 1133 717 1209 hio,
733 1133 844 1211 quoius
859 1139 917 1208 est,

113 1233 158 1292 Vt
172 1233 212 1291 ad
226 1230 337 1291 inuitas
354 1231 530 1290 nedaetust!
593 1233 653 1290 Pu.
696 1231 805 1307 Apage
820 1249 901 1290 ame
916 1229 1012 1290 istum
1027 1231 1154 1305 agruml

115 1329 166 1389 ST.
208 1329 309 1404 Magis
326 1334 334 1364 ‘
343 1329 457 1405 apage'
474 1328 569 1403 dieas,
586 1328 613 1388 si
628 1328 733 1388 omnia
746 1347 765 1386 a
779 1346 828 1387 me
842 1327 1011 1387 audiueris.

113 1426 196 1485 Nam
210 1425 382 1501 fulguritae
398 1425 471 1485 sunt
486 1426 624 1485 alternae
643 1423 648 1507 Ι
680 1425 823 1486 arbores:

115 1523 191 1583 Sues
206 1523 381 1582 moriuntur
397 1522 534 1604 angina}
566 1524 741 1582 acerrume:
1176 1536 1222 1583 540

113 1620 197 1680 Oues
212 1620 337 1679 scabrae
352 1627 434 1693 sunt,
450 1620 512 1679 tam
530 1620 665 1696 glabrae,
680 1639 739 1694 em,
755 1638 849 1695 quam
863 1619 939 1678 haee
954 1619 1002 1678 est
1016 1637 1135 1693 manus,

114 1717 194 1775 Tum
209 1718 311 1776 aute'm
329 1717 486 1790 Surorum,
503 1718 599 1791 genus
615 1716 699 1793 quod
713 1715 1021 1794 patientissumumst
1119 1796 1121 1800 λ

114 1812 295 1887 Hominum,
311 1832 402 1871 nemo
416 1819 520 1873 exstat
535 1813 591 1890 qui
606 1812 649 1871 ibi
664 1831 719 1872 sex
735 1831 855 1871 menses
870 1811 1003 1870 uixerit:

113 1909 165 1968 Ita
179 1907 283 1968 sinoti
300 1909 461 1969 solstitiali
477 1909 584 1968 morbo
599 1908 757 1968 desidunt.

113 2007 174 2064 Pis.
217 2007 317 2066 Credo
342 2007 397 2082 ego
433 2011 524 2081 lstuo,
555 2005 698 2080 stamme,
726 2006 773 2065 ita
801 2006 885 2065 esse:
917 2005 972 2064 sed
1008 2004 1163 2082 Campans

335 2142 338 2148 -
505 2107 509 2113 '
983 2089 1001 2183 η’
1048 2106 1163 2177 'genus
1176 2123 1220 2170 545

113 2200 216 2260 Multo
232 2200 378 2260 Surorum
392 2201 455 2260 iam
470 2201 587 2260 antidit
602 2200 763 2277 patientia.
1181 2226 1183 2231 ⁴

115 2297 175 2356 Sed
188 2298 283 2357 istest
297 2317 370 2372 ager
381 2297 535 2375 -profe'oto,
551 2303 587 2357 ut
602 2303 633 2356 te
648 2296 757 2356 audiui
771 2295 867 2373 loqui,

113 2392 214 2454 Malos
230 2394 263 2452 in
278 2413 368 2471 quem
385 2413 491 2468 omnes
503 2393 627 2472 publice
642 2393 728 2453 mitti
741 2394 838 2453 decet.
859 2418 861 2420 ·

114 2489 202 2550 Sicut
215 2492 448 2552 fortunat61um
463 2497 636 2550 memorant
651 2490 778 2566 insulas,

112 2586 179 2656 Quo
193 2587 296 2647 minoti
312 2588 366 2666 qui
381 2594 514 2648 aetatem
532 2588 652 2662 egerint
667 2589 752 2647 easte'
767 2606 855 2646 suam

113 2683 328 2749 conueniant:
351 2693 459 2744 contra
473 2685 551 2745 istoc
567 2685 692 2744 detrudi
709 2684 863 2744 maleficos

113 2779 254 2858 Aequ6m
269 2783 403 2858 uidetur,
420 2782 476 2859 qui
489 2783 616 2859 quidem
631 2781 724 2841 istius
740 2779 781 2840 sit
796 2781 889 2840 modi.

113 2880 161 2938 Su.
209 2878 393 2957 Hospitium
407 2888 454 2939 est
469 2878 672 2938 calamitatis:
697 2878 773 2955 quid
789 2877 892 2937 uerbis
907 2879 1026 2955 opust?

112 2974 262 3044 Quamuis
278 2976 392 3035 malam
407 2995 472 3035 rem
487 2977 627 3053 quaeras
644 2975 712 3035 illie
727 2975 871 3052 reperias.

112 3072 173 3131 Pu.
215 3073 260 3131 At
273 3079 309 3132 tu
323 3073 427 3132 hercle
442 3079 474 3133 et
488 3072 536 3131 illi
551 3078 583 3131 et
597 3072 683 3132 alibi.
747 3072 797 3131 ST.
839 3072 922 3131 Cane
937 3071 980 3132 sis
995 3069 1112 3131 dixeris
1174 3096 1219 3146 5⁵5

112 3167 238 3228 Metilii
253 3169 371 3229 dixisse
386 3170 454 3230 hoo.
516 3170 578 3229 Pu.
620 3168 740 3229 Dixisti
756 3171 868 3229 amano
881 3168 968 3229 satis.

113 3265 164 3324 ST.
209 3265 291 3336 Quin
305 3266 483 3343 hicquidem
499 3267 586 3344 eupit
600 3266 691 3324 illum
706 3267 745 3326 ab
761 3285 793 3326 se
808 3265 1023 3341 abalienarier,

113 3362 147 3421 Si
162 3363 251 3439 quem
269 3364 403 3440 reperire
420 3363 526 3440 possit,
543 3362 629 3439 quoii
644 3381 678 3421 os
694 3361 841 3422 siblinat.

112 3458 174 3519 ΡΗ.
215 3459 306 3518 Meus
326 3457 453 3535 quidem
475 3458 579 3518 hercle
602 3477 771 3536 numquam
785 3459 854 3520 fiet.
914 3459 966 3519 Su.
1010 3459 1042 3519 Si
1058 3459 1162 3536 sapies

212 3565 214 3568 ’
1025 3557 1161 3633 quidem.
