2566 3946
428 275 565 326 rmum
587 274 808 326 rnmvuuvs
1101 262 1142 328 31

92 448 146 507 Sin
161 447 253 507 aliter
268 447 425 508 animatus
439 466 482 523 es,
491 484 532 492 -
541 448 618 507 bene
633 447 715 524 quod
730 466 804 523 agas
818 446 944 508 eueniat
957 445 1034 509 tibi:
1152 469 1197 520 715
1266 465 1267 468 ’

89 529 158 621 Ego
172 544 291 604 amicus
306 545 476 621 numquam
492 544 552 605 tibi
566 562 619 604 ero
634 544 696 604 alio
711 545 819 622 pacto:
843 544 887 605 sic
907 544 1064 605 sententia
1081 549 1139 605 est.

749 634 1059 720 [Leabooloaaccooca
1072 643 1138 723 off]
1255 643 1257 647 ’

91 739 139 798 Sr.
184 722 343 799 Abiitille
362 738 497 816 quidem.
543 738 635 818 [Eut
652 740 859 819 Lesbonicus]
901 721 1025 815 Ecquid
1038 739 1140 815 audis,

170 835 353 916 Lysiteles?
396 837 462 910 Ego
476 836 508 895 te
523 835 602 896 uolo.
850 834 942 915 [Erit
965 835 1137 917 Lysiteles]

90 930 154 992 Hic
178 951 300 1009 quoque
329 931 403 992 hinc
430 932 517 992 abiit.
562 932 706 1008 Stasimc,
729 939 830 994 restas
855 932 955 993 solus:
979 932 1056 1009 quid
1083 951 1140 1010 ego

953 1028 1035 1088 minc
1051 1048 1140 1105 agam

90 1125 164 1185 Nisi
192 1125 240 1185 uti
275 1125 429 1186 sarcinam
462 1125 675 1203 constringam
707 1132 739 1187 et
772 1124 908 1205 clipeum
941 1127 982 1186 ad
1014 1126 1141 1186 dorsum

904 1223 1140 1300 accommodem,

91 1319 272 1380 Fulmentas
287 1319 409 1380 iubeam
425 1321 571 1398 suppingi
588 1320 715 1382 soccis?
756 1321 830 1381 Non
845 1321 916 1381 sisti
930 1324 1042 1398 potest.
1099 1338 1103 1342 ’
1152 1340 1198 1386 7²0

89 1415 189 1477 Video
204 1416 341 1476 caculam
358 1406 525 1477 mssitaiem
542 1418 591 1477 me
606 1419 748 1477 futurum
764 1417 848 1477 haud
863 1417 994 1493 longius.

90 1497 145 1574 Ᾰά
161 1514 298 1591 aliquem
313 1532 414 1590 regem
431 1514 463 1572 in
479 1515 618 1589 saginam
633 1534 704 1575 erus
720 1515 787 1574 sese
802 1515 935 1574 coniciet
949 1533 1054 1590 mcus3

90 1612 189 1671 Credo
203 1611 243 1670 ad
259 1630 395 1670 summos
409 1611 575 1670 bellatores
591 1612 692 1670 acrem
703 1611 921 1690 -fugitorem
935 1612 1012 1685 fore,
1027 1637 1030 1642 ·
1097 1660 1102 1668 ,

89 1691 133 1766 lit
147 1714 310 1784 capturum
327 1707 427 1784 spolia
441 1708 485 1766 ibi
494 1744 534 1752 —
543 1708 632 1765 illum
648 1693 704 1784 qul
716 1725 769 1766 ero
783 1708 934 1768 aduorsus
948 1707 1079 1768 uenerit.

89 1787 223 1879 Egomet
254 1810 359 1863 autem
388 1822 482 1880 quom
515 1803 673 1881 e'xtemplo
705 1821 810 1863 arcum
840 1809 871 1863 et
899 1804 1080 1881 pharetram
1108 1808 1140 1864 et

823 1906 954 1976 sagittas
970 1899 1138 1977 sumpsero,
1152 1919 1196 1968 725

90 1998 250 2058 Cassidem
264 1996 297 2056 in
311 1995 414 2075 caput,
424 1995 613 2056 -dormibo
628 1997 750 2075 placide
769 1995 773 2078 Ι
792 1996 825 2055 in
840 1996 1047 2056 tabernaculo

12 2177 14 2181 .
89 2077 146 2154 Ᾱᾱ
159 2094 262 2153 forum
278 2094 345 2153 ibo:
367 2092 482 2153 midias
498 2099 606 2153 sertus
621 2093 696 2171 quoi
709 2093 864 2153 talentum
880 2091 1063 2167 mutuom&

89 2191 180 2266 Dedl,
196 2209 366 2270 reposcam,
380 2195 417 2249 ut
431 2191 562 2250 habeam
577 2209 698 2251 mecum
712 2191 796 2268 quod
806 2191 906 2250 feram
921 2189 1079 2250 uiaticum.

1019 2286 1151 2370 [rc-1.

548 2421 648 2478 Scuun
666 2422 683 2476 3

369 2580 626 2639 Mnoaaoumns.
672 2577 852 2638 Cannronns

93 2727 207 2807 [Emer
233 2728 448 2806 Meyeronldes
472 2729 534 2786 aral
565 2726 709 2801 Callicles,
732 2730 819 2802 from
847 2727 893 2784 tle
920 2727 1011 2785 locare
1035 2726 1074 2802 os
1093 2725 1141 2786 tlte

535 2825 679 2905 formem]

90 2974 153 3031 Mn.
196 2972 240 3031 Vt
253 2969 333 3030 mihi
346 2990 411 3030 rem
425 2990 543 3045 narras,
559 2969 713 3045 Callicles,
728 2970 816 3029 nullo
830 2969 921 3028 modo

89 3069 198 3128 Potest
212 3067 284 3127 fieri
299 3087 411 3145 prosus
426 3066 501 3144 quin
517 3068 572 3126 dos
587 3067 679 3126 detur
692 3066 817 3143 uirgini.
1152 3085 1199 3136 πο

90 3166 146 3224 tls.
189 3167 333 3242 Namque
349 3164 452 3223 hercle
466 3164 596 3224 honeste
611 3163 684 3223 fieri
699 3164 798 3223 ferme
813 3165 873 3222 non
888 3167 1002 3241 potest,

90 3264 133 3321 Vt
147 3262 214 3322 calm
231 3262 388 3339 perpetiar
402 3261 446 3319 ire
462 3260 494 3318 in
511 3261 744 3320 matrimonium

91 3359 163 3419 Sine
179 3358 260 3433 dots,
276 3377 369 3435 quom
384 3358 451 3416 eius
466 3358 531 3416 rem
546 3376 641 3434 penes
656 3377 705 3416 me
719 3357 851 3417 habeam
866 3355 958 3416 domi.

90 3457 152 3514 Mn.
197 3455 312 3514 Parata
326 3455 381 3513 dos
396 3453 528 3528 domist,
550 3453 612 3513 nisi
627 3454 807 3531 exspectare
820 3453 879 3529 uis,

90 3553 133 3613 Vt
147 3553 214 3612 eam
229 3552 296 3612 aine
311 3551 383 3610 dote
398 3551 496 3610 frater
510 3555 643 3627 nuptum
657 3550 805 3610 conlocet.
