2566 3946
448 245 584 292 rnnvri
608 243 828 292 'rrrruvnuvs
1121 232 1162 294 41

113 417 171 478 CH.
215 415 358 476 Nimium
385 416 565 492 graphicum
587 415 670 474 huno
691 413 890 491 nugatorem!
934 415 995 474 sed
1016 433 1073 490 ego
1094 435 1163 476 sum

953 512 1162 590 insipientior,

112 609 173 681 Qui
187 611 308 688 egomet
321 611 404 670 unde
415 611 539 670 re‘deam
554 610 636 669 huno
652 609 792 685 rogitem,
805 629 884 686 quae
895 609 952 685 ego
961 609 1058 668 seiam
1069 617 1183 685 atque·

933 774 941 786 ,
961 705 1014 765 hio
1029 706 1162 783 ne‘soiat;

112 804 185 864 Nisi
200 805 275 882 qnia
290 805 376 864 lubet
391 804 527 882 e'xperiri
542 823 604 880 quo
618 805 783 864 euasurust
798 800 949 881 donique(

114 902 176 961 sed
204 902 279 978 quid
307 902 379 961 ais?
422 903 488 972 Quo
513 902 585 960 inde
613 900 667 960 isti
692 903 808 978 porro?
872 901 925 959 Su.
970 901 1002 960 si
1024 900 1160 960 animum

858 997 1004 1057 aduortes
1019 998 1162 1074 eloquar:

113 1076 165 1153 dd
179 1101 273 1171 oaput
288 1094 398 1168 amnis,
414 1095 497 1172 quod
511 1096 550 1154 de
565 1094 650 1153 eaelo
664 1094 803 1153 exdritur
818 1095 876 1154 sub
891 1094 969 1154 solio
984 1094 1079 1154 louis.
1176 1123 1222 1168 940

114 1193 171 1252 Cn.
210 1190 485 1251 Subsoliolouis?
536 1192 589 1251 Sr.
622 1191 760 1251 Itadioo.
809 1191 867 1251 Cn.
910 1191 1058 1250 anelo?
1108 1192 1162 1250 Sr.

790 1270 894 1366 litque
911 1288 1013 1347 medio
1027 1287 1162 1365 quidem.

113 1387 171 1446 Cn.
213 1369 294 1460 Eho,
309 1404 350 1445 an
377 1387 473 1444 etiam
501 1385 533 1444 in
560 1385 679 1445 eaelum
704 1385 900 1446 escendisti?
963 1386 1017 1445 Sr.
1064 1387 1164 1443 Irnrno

784 1483 904 1573 horiola
917 1482 1043 1542 aduecti
1057 1500 1164 1542 snmus

112 1563 220 1656 Vsque
238 1599 320 1656 aqua
339 1580 473 1640 aduorsd
493 1599 549 1657 per
570 1599 702 1639 amnem.
765 1580 823 1640 du.
865 1580 944 1653 Eho,
959 1599 999 1639 an
1015 1584 1049 1638 tu
1068 1579 1164 1639 etiam

904 1675 1016 1735 uidisti
1030 1677 1163 1735 Iouem?

115 1776 168 1834 SY.
212 1756 279 1833 dlii
306 1774 340 1833 di
368 1774 429 1833 isse
457 1774 498 1832 ad
523 1773 632 1832 uillam
664 1773 790 1833 aiebant
817 1773 916 1833 se'ruis
945 1772 1164 1850 depromptr'rm

1051 1869 1163 1929 eibum.

115 1967 236 2029 Deinde
257 1986 348 2045 porro
369 2003 408 2012 —
429 1968 488 2027 Cn.
541 1966 662 2026 Deinde
686 1986 777 2044 porro
797 1966 871 2026 nolo
891 1965 1059 2043 quioquam
1080 1969 1165 2044 prae-

1069 2063 1162 2123 dices.
1177 2080 1221 2130 945

115 2162 168 2221 sr.
218 2161 406 2221 Sed—Cn.
463 2160 673 2235 Abeoherole,
690 2160 715 2220 si
732 2161 764 2220 es
780 2161 938 2221 molestus.
979 2161 1062 2222 Nam
1077 2159 1164 2238 pudi-

913 2276 982 2320 cum
998 2257 1202 2379 neminem&
1226 2250 1263 2345 φ’

113 2357 192 2431 Pda,
208 2359 319 2432 referre
334 2357 466 2432 op6rtet,
482 2355 535 2432 qui
551 2355 606 2414 abs
621 2361 706 2415 terra
719 2355 759 2414 aid
774 2355 894 2414 eaelum
909 2354 1095 2433 peruenerit.
1113 2360 1155 2409 ι(

115 2453 168 2511 Sr.
213 2454 343 2511 chium
372 2452 418 2511 ita
444 2458 480 2511 nt
507 2459 538 2511 te
561 2451 642 2511 uelle
667 2451 767 2512 uideo.
822 2452 883 2512 sed
907 2457 1047 2511 monstra
1070 2451 1164 2512 hosoe

929 2548 1071 2608 homines
1085 2548 1164 2607 mihi

114 2646 196 2715 Quos
211 2664 268 2720 ego
284 2664 407 2721 quaero,
423 2645 536 2722 quibus
552 2665 600 2705 me
615 2651 738 2722 oportet
752 2646 808 2705 has
824 2646 946 2704 deferre
961 2645 1121 2722 epistulas.

114 2741 173 2802 CH.
219 2741 301 2812 Quid
322 2743 395 2801 ais?
445 2743 493 2799 Tu
505 2736 587 2800 nuno
602 2742 629 2801 si
643 2742 725 2801 forte
740 2761 867 2819 eumpse
882 2741 1080 2802 Charmidem
1096 2761 1165 2801 oon-

1026 2839 1164 2916 spoxeris
1177 2861 1222 2908 950

113 2917 208 2993 illum
226 2956 314 3013 quern
330 2936 387 2995 tibi
401 2937 480 2995 Ista's
495 2936 618 2996 dedisse
633 2938 853 2996 commemoras
868 2935 1030 3014 epistulas,

114 3032 249 3091 Norisne
274 3034 459 3092 hominem?
512 3034 564 3092 Sr.
601 3034 651 3092 Ne
675 3040 710 3092 tu
736 3052 784 3092 me
809 3033 920 3111 edepol
941 3033 1092 3093 arbitrare
1117 3033 1165 3093 be-

1069 3131 1163 3206 lnam,

114 3226 174 3296 Qui
189 3227 314 3303 quidem
329 3247 392 3286 non
406 3226 530 3286 nouisse
544 3228 663 3304 possim
678 3227 803 3304 quicum
819 3232 950 3287 aetatem
968 3227 1134 3303 exegerim.

113 3308 165 3382 dn
179 3323 234 3381 llle
251 3330 313 3382 tam
329 3330 412 3383 esset
427 3323 544 3401 stultus
559 3325 612 3400 qni
628 3324 706 3382 mihi
721 3324 807 3383 mille
822 3344 983 3383 nummum
999 3325 1137 3384 ordderet

113 3418 307 3497 Philippum,
337 3421 421 3497 quod
456 3439 504 3478 me
540 3419 650 3479 aurdm
679 3422 802 3480 deferre
837 3419 930 3480 irissit
962 3422 1000 3480 ad
1035 3420 1163 3497 gnatrim

1075 3537 1161 3578 suom
1177 3539 1220 3588 955
