2566 3946
431 215 569 266 rnnvrl
591 215 813 268 rnlrvnuvs
1104 206 1146 271 51
1262 229 1264 234 ·

93 389 177 449 Nem
210 387 404 464 beneficium,
433 386 556 448 homini
586 387 747 466 proprium
778 389 861 466 qued
889 389 991 465 detur,
1020 389 1146 469 prosirm

1046 490 1144 566 perit:
1161 513 1219 562 1130
1257 562 1261 568 ἢ

94 582 183 654 Qued
197 583 337 643 datumst
350 582 512 655 utendum,
525 580 558 641 id
569 583 735 660 repetundi
746 582 876 662 cepiast,
887 584 1011 660 quande
1022 585 1111 646 uelis.

94 680 155 740 (ln.
198 663 259 740 Est
273 679 368 739 itaut
382 684 417 739 tu
432 678 519 738 dicis.
564 679 625 738 Sed
639 697 696 754 ego
710 679 769 738 hoc
782 680 904 756 nequeo
919 680 1027 741 mirari
1042 684 1119 745 satis

94 773 176 834 Esnn
191 793 326 835 sororem
341 775 545 852 despondisse
560 793 649 834 suam
663 774 697 834 in
711 782 776 836 tam
791 775 906 836 fortem
920 776 1084 839 femiliam.

95 871 152 933 CA.
194 871 328 950 Lysiteli
337 871 464 948 quidem
475 870 635 932 Philtonis
645 870 724 932 fflio.
786 872 847 931 ΙΝ.
883 871 1020 956 [Aside]
1052 879 1146 938 Enim

518 1031 520 1036 ,
932 991 982 1032 me
997 974 1145 1036 neminat.

95 1065 154 1127 On.
197 1065 363 1126 Femiliam
380 1071 537 1142 optumam
554 1065 728 1143 eccupauit.
793 1068 853 1127 Lr.
892 1067 1029 1152 [Asida]
1066 1071 1147 1142 Quid

625 1225 631 1236 ,
728 1183 785 1239 ego
800 1182 888 1225 cesso
902 1165 958 1227 hos
975 1169 1145 1246 cenloqui?
1162 1195 1216 1245 1135

96 1260 158 1320 sed
172 1278 313 1320 maneam
328 1260 432 1335 etiam,
445 1258 571 1337 opinor;
593 1278 727 1338 namque
742 1260 801 1321 hoc
816 1263 1009 1323 cemmodum
1026 1265 1147 1327 orditur
1203 1344 1205 1348 .

700 1424 702 1428 Α
1042 1363 1136 1440 loqui.

95 1454 155 1515 (ln.
196 1454 285 1516 Vehl
347 1454 404 1515 CA.
447 1455 528 1527 Quid
543 1458 617 1516 est?
678 1457 737 1517 (ln.
781 1456 906 1519 Oblitus
925 1458 1011 1521 intus
1029 1458 1147 1520 dudum

867 1555 927 1615 tibi
943 1575 1010 1615 sum
1027 1547 1145 1617 dicere:

95 1650 192 1710 Medo
205 1649 249 1709 mi
263 1648 446 1710 aduenienti
459 1656 591 1726 nugator
606 1650 734 1728 quidam
749 1652 880 1712 occessit
894 1652 1026 1729 6buiam,

95 1745 200 1807 Nimis
221 1746 444 1825 pergraphicus
467 1746 678 1827 sycophanta3
701 1747 728 1807 is
753 1747 840 1808 mille
861 1767 1023 1808 nummum
1045 1769 1077 1810 se
1098 1750 1149 1812 air-

1061 1866 1148 1909 reum

95 1940 168 2000 Mee
182 1940 258 2000 datu
273 1938 333 1998 tibi
347 1939 430 1998 ferre
445 1945 477 1999 et
492 1945 587 2015 gnato
602 1939 774 2001 Lesbonico
790 1941 876 2001 aibet
889 1961 974 2003 meo:
1163 1977 1221 2024 1140

95 2037 193 2108 Quem
208 2038 265 2114 ego
278 2032 336 2096 nec
351 2037 404 2112 qui
420 2042 503 2095 esset
523 2036 631 2096 neram
646 2054 746 2114 neque
761 2056 833 2098 eum
848 2045 920 2098 ante
934 2038 1065 2118 usquam
1081 2061 1149 2102 con-

949 2136 1038 2214 spexi
1051 2139 1147 2215 prius.

96 2231 158 2292 sed
184 2230 262 2310 quid
289 2231 399 2292 rides?
464 2231 521 2292 Cn.
567 2233 639 2292 Meo
667 2231 814 2308 edlegatu
847 2233 944 2308 uenit,
973 2235 1063 2312 quasi
1094 2237 1149 2314 qui

548 2387 550 2390 .
946 2331 1052 2391 auriam
1071 2333 1149 2393 mihi

94 2424 205 2484 Ferret
219 2424 274 2485 abs
290 2429 321 2484 te
336 2424 420 2501 qued
435 2424 541 2483 darem
555 2428 627 2483 tuae
643 2424 755 2500 gnetae
773 2423 886 2498 dotem,
901 2430 936 2483 ut
951 2424 1041 2485 fssius

95 2520 188 2595 Tiros,
199 2522 324 2598 quando
335 2520 383 2579 illi
399 2539 417 2580 a
431 2521 480 2578 me
494 2521 610 2594 darem,
622 2539 689 2579 esse
706 2520 835 2580 alletum
853 2520 887 2580 id
901 2522 956 2580 abs
967 2527 999 2581 te
1010 2523 1150 2584 crederet

94 2616 166 2677 Neri
177 2618 231 2695 qui
242 2638 306 2677 rem
318 2617 417 2695 ipsam
430 2619 536 2694 pesset
547 2616 738 2691 intellegere,
750 2616 952 2677 thensaurum
965 2625 1051 2678 tuom
1164 2659 1221 2710 1145

94 2715 148 2775 Me
162 2733 230 2775 csse
245 2733 348 2792 pcneS,
364 2720 458 2791 atque
473 2712 543 2772 erim
558 2731 608 2772 me
622 2713 689 2788 lege
705 2714 814 2791 pepuli
829 2715 965 2793 patrium
983 2718 1131 2793 pesceret.

94 2813 152 2873 On.
197 2811 279 2872 Scite
291 2811 418 2890 edepol!
477 2811 534 2872 Gn.
577 2809 796 2886 Megarenides
807 2810 981 2871 communis
993 2813 1052 2874 hoc
1063 2835 1149 2876 meus

1035 2910 1066 2969 et
1080 2915 1152 2972 tuos

94 3005 289 3067 Beneuolens
313 3005 530 3065 commentust.
593 3003 651 3066 On.
694 3003 777 3077 Quin
805 3005 957 3067 conlarido
984 3007 1149 3068 consilium

988 3106 1019 3165 et
1036 3106 1139 3181 probe.

94 3201 152 3258 Lr.
195 3197 277 3270 Quid
291 3218 348 3274 ego
359 3198 495 3276 ineptus,
508 3196 582 3258 dirm
598 3217 772 3259 sermonem
787 3199 895 3260 uereor
910 3200 1149 3280 interrumpere,

95 3296 186 3357 selus
201 3302 250 3356 sto
263 3314 320 3356 nec
335 3296 418 3374 qued
431 3299 561 3356 conatus
582 3314 651 3356 sum
674 3296 764 3373 egere
780 3298 864 3372 ago?
906 3298 1059 3358 Homines
1081 3300 1150 3358 cen-

1031 3394 1147 3472 loquar.
1164 3422 1222 3470 1150

855 3487 980 3571 [Oomee
987 3493 1148 3576 formare]
