2566 3946
444 230 581 281 rnnvrr
602 228 824 316 rnruvuuvs
852 261 854 264 Α
901 304 905 310 Ι
933 304 936 311 Ι

865 331 868 335 ⁴
902 327 940 375 ,ν

108 402 260 465 Hostisne
274 422 314 464 an
329 402 409 464 ciuis
424 402 569 478 cenredis,
585 299 835 480 paruizendere.
846 365 889 438 “fl
897 360 919 393 *i

108 503 195 562 Haec
210 520 303 578 quom
315 499 413 561 aridio·
423 501 456 559 in
470 507 502 559 te
517 500 588 574 dici,
605 499 776 560 discrucidr
791 499 894 560 miser.

108 599 164 660 Cn.
207 600 266 657 Est
281 600 375 674 atque
390 616 451 656 non
466 603 515 656 est
530 597 656 655 mihim
671 616 774 671 manu,
789 595 1026 671 Megaronides:

108 697 189 767 Quin
205 695 319 769 dicant,
336 714 397 754 non
413 700 478 754 est:
495 686 657 780 QtQut
671 713 710 775 ne
725 693 840 767 dicent,
856 693 889 751 id
904 699 960 753 est.
1176 713 1218 762 105

109 796 171 853 Mn.
215 793 329 851 Fuitne
341 790 392 851 hio
403 791 462 851 tibi
475 791 592 850 amicus
605 790 816 851 Charmides?
869 790 925 849 CA.
968 790 1027 849 Est
1041 790 1073 849 et
1089 789 1160 848 fuit.

109 892 147 950 ld
162 891 208 950 ita
221 891 289 950 esse
304 895 339 948 ut
353 889 470 962 credas,
486 889 550 946 rem
565 887 624 946 tibi
639 888 796 946 auctorem
811 887 899 949 dabo.

108 989 138 1046 N
140 1007 189 1047 arn
202 987 367 1064 pestquam
382 985 434 1042 hic
449 984 516 1043 eius
531 984 594 1043 rem
610 984 766 1060 confregit
781 983 870 1044 filius

110 1081 265 1160 Videtque
279 1082 347 1160 ipse
361 1082 400 1141 ad
416 1083 632 1158 paupertatem
648 1086 839 1158 protractum
855 1081 971 1142 essese

110 1172 265 1257 Suemque
280 1179 379 1239 filiam
395 1179 461 1238 esse
477 1177 618 1237 adultam
633 1177 797 1253 uirginem,

111 1277 210 1338 Simul
222 1277 288 1337 eius
304 1282 434 1335 matrem
448 1275 597 1351 suquue
613 1294 739 1334 uxorem
753 1275 917 1350 mertuam,

109 1374 261 1447 Quoniam
276 1372 350 1433 hino
365 1373 482 1432 iturust
497 1372 583 1450 ipsus
599 1371 632 1431 in
649 1371 829 1447 Selei'rciam

110 1472 191 1531 Mihi
203 1471 434 1531 commendauit
448 1468 601 1545 uirginem
619 1470 746 1546 gustem
762 1489 850 1530 suam

109 1571 152 1629 Et
168 1570 232 1628 rem
247 1588 334 1629 suam
349 1573 470 1627 omnem
484 1573 515 1626 et
530 1565 622 1625 illdm
637 1573 815 1644 corruptum
830 1565 945 1628 filium.

110 1668 207 1740 Haec,
223 1666 251 1726 si
266 1666 308 1724 mi
323 1664 470 1724 inimicus
485 1663 577 1738 esset,
593 1664 685 1722 credo
700 1663 784 1722 haud
799 1664 948 1724 crederet.
1180 1687 1221 1736 115

111 1765 174 1821 Mn.
216 1761 298 1834 Quid
314 1767 357 1835 tu,
374 1761 615 1834 adulescentem,
632 1761 722 1836 quem
739 1778 808 1819 esse
823 1759 1002 1837 corruptrim
1017 1761 1116 1836 uides,

109 1861 169 1931 Qui
185 1861 256 1918 tuae
271 1858 437 1917 mandatus
449 1857 497 1915 est
511 1856 573 1916 fide
588 1862 619 1915 et
633 1855 774 1932 fidriciae,

110 1957 192 2026 Quin
207 1954 276 2015 erim
292 1954 460 2014 restituis?
503 1952 585 2022 Quin
599 1953 639 2011 ad
654 1954 776 2028 frugem
792 1953 951 2029 corrigis?

96 2052 150 2119 lEi
165 2053 210 2110 rei
225 2053 350 2128 operam
365 2050 438 2109 dare
453 2055 484 2120 te
500 2048 603 2108 frierat
617 2049 779 2133 aliquanto
793 2050 933 2128 aequius

112 2147 216 2226 siqui
230 2147 402 2226 probiorem
419 2147 522 2206 facere
537 2165 652 2223 posses
668 2147 729 2206 non
744 2146 793 2206 uti

112 2248 150 2305 ln
165 2246 295 2305 edudem
311 2249 378 2303 tute
394 2244 555 2303 accederes
571 2243 736 2304 infamiam

112 2341 292 2419 Malr'rmque
308 2347 343 2401 ut
358 2341 425 2399 eius
439 2339 510 2400 crim
524 2347 579 2399 tuo
594 2341 738 2402 misceres
752 2342 845 2402 malo.

112 2441 167 2500 Cn
204 2439 286 2511 Quid
296 2439 387 2498 iecil
423 2439 487 2498 Mn.
523 2437 612 2508 Quod
622 2437 716 2497 homo
726 2457 871 2526 nequam
906 2438 964 2499 ΟΛ.
998 2437 1126 2498 Nonis
1127 2437 1165 2498 dc

1020 2544 1163 2595 meumst

112 2637 177 2695 Mn.
218 2632 354 2693 Emistin
371 2633 409 2691 de
424 2632 623 2693 adulescente
637 2632 695 2693 has
710 2632 846 2693 aedis-
857 2632 932 2710 quid
947 2638 1032 2692 taces
1043 2635 1059 2692 ?
1069 2666 1111 2678 -

112 2732 173 2791 Vbi
188 2729 270 2790 m'mc
285 2735 353 2789 tute
368 2729 521 2790 habitas?
583 2731 639 2790 Or.
682 2730 754 2788 Emi
769 2728 1040 2806 atque‘argentdm
1055 2729 1136 2804 dedi,
1180 2748 1238 2795 ης.

114 2828 215 2888 Minas
231 2827 448 2905 quadraginta,
463 2825 657 2886 edulcscenti
671 2826 733 2904 ipsi
748 2825 781 2884 in
796 2845 930 2886 manum.

113 2928 176 2984 Mn.
219 2923 567 3000 Dedlstinargentum?
626 2923 682 2982 CA.
719 2924 859 2998 Factum,
871 2942 971 3000 neque
981 2922 1060 2983 facti
1070 2923 1155 3001 piget

114 3024 176 3080 Mn.
219 3021 337 3098 Edepol
352 3020 414 3080 fide
429 3020 661 3081 adulescentem
675 3019 855 3080 mandatdm
872 3021 985 3081 malae!

113 3117 277 3178 Dedistinc
290 3117 349 3176 hoc
365 3119 449 3178 facto
464 3119 492 3177 ei
507 3119 646 3194 gladium
662 3119 770 3196 quise
781 3117 959 3178 occideret?

113 3215 194 3286 Quid
209 3214 296 3275 secus
312 3221 360 3275 est
376 3222 430 3275 aut
445 3217 520 3294 quid
535 3216 666 3276 interest
681 3217 755 3276 dare
770 3222 801 3275 te
817 3215 849 3274 iu
865 3234 975 3275 manus
1132 3235 1138 3264 r
1180 3241 1223 3287 130

113 3312 287 3388 Argentum
303 3314 421 3373 amanti
437 3313 557 3372 homini
572 3313 775 3388 adulescenti,
791 3312 889 3374 animi
903 3311 1024 3389 impoti,

113 3409 173 3480 Qui
187 3410 406 3470 exaedificaret
421 3410 701 3470 suamincohatam
717 3411 898 3486 igneuiam?

114 3507 171 3568 ΟΛ.
199 3508 273 3567 Non
287 3508 344 3583 ego
357 3506 407 3565 illi
422 3512 585 3582 argentum
600 3507 790 3567 redderem?
826 3508 890 3566 Mn.
922 3507 995 3566 Non
1010 3506 1164 3583 redderes,
